Details,Posting Date,Description,Amount,Type,Balance,Check or Slip #
DEBIT,02/04/2026,"ONLINE TRANSFER TO CHK ...0068 TRANSACTION#: 27944033471 02/04",-50.00,ACCT_XFER, ,,
CREDIT,02/04/2026,"ORIG CO NAME:STRIPE           CO ENTRY DESCR:TRANSFER   SEC:CCD IND ID:ST-E0E1R6V0P2O3 ORIG ID:1800948598",76.80,ACH_CREDIT, ,,
DEBIT,02/04/2026,"POS DEBIT                LEMLIST                  +33176340069                                                                                                                                                                                                                                                                            2883",-6.36,MISC_DEBIT, ,,
DEBIT,02/04/2026,"POS DEBIT                LEMLIST                   +33176340069                                                                                                                                                                                                                                                                           2883",-5.34,MISC_DEBIT, ,,
DEBIT,02/04/2026,"POS DEBIT                LEMLIST                   +33176340069                                                                                                                                                                                                                                                                           2883",-29.00,MISC_DEBIT, ,,
CREDIT,02/03/2026,"ORIG CO NAME:STRIPE                 ORIG ID:1800948598 DESC DATE:       CO ENTRY DESCR:TRANSFER  SEC:CCD    TRACE#:091000017505627 EED:260203   IND ID:ST-B2A4U3X7E3L5              IND NAME:MARK GUNDRUM TRN: 0347505627TC",384.50,ACH_CREDIT,1742.24,,
DEBIT,02/02/2026,"Online Transfer to CHK ...0068 transaction#: 27922918958 02/02",-300.00,ACCT_XFER,1357.74,,
DEBIT,02/02/2026,"Online Transfer to  CHK ...0068 transaction#: 27718595182 02/02",-350.00,ACCT_XFER,1657.74,,
DEBIT,02/02/2026,"CLOUDFLARE CLOUDFLARE.CO CA                  02/02",-25.00,DEBIT_CARD,2007.74,,
DEBIT,02/02/2026,"GOOGLE *ADS914840996 cc@google.com CA        02/01",-13.59,DEBIT_CARD,2032.74,,
DEBIT,02/02/2026,"Google ADS2700665497 650-2530000 CA          02/01",-8.95,DEBIT_CARD,2046.33,,
DEBIT,02/02/2026,"GOOGLE *CLOUD HX8FwK g.co/helppay# CA        02/01",-1.11,DEBIT_CARD,2055.28,,
DEBIT,02/02/2026,"GOOGLE *Workspace_ku cc@google.com CA        02/01",-37.18,DEBIT_CARD,2056.39,,
DEBIT,02/02/2026,"GOOGLE *Workspace_co cc@google.com CA        02/01",-15.32,DEBIT_CARD,2093.57,,
DEBIT,02/02/2026,"10WEB.IO 10WEB.IO DE                         02/01",-136.00,DEBIT_CARD,2108.89,,
DEBIT,02/02/2026,"WEBSHARE* PROXY PLN CO WEBSHARE.IO CA        02/01",-10.68,DEBIT_CARD,2244.89,,
DEBIT,02/02/2026,"INVIDEO INNOVATION SINGAPORE                 01/31",-50.00,DEBIT_CARD,2255.57,,
DEBIT,02/02/2026,"INVIDEO INNOVATION SINGAPORE                 01/31",-59.91,DEBIT_CARD,2305.57,,
DEBIT,02/02/2026,"INVIDEO INNOVATION SINGAPORE                 01/31",-60.00,DEBIT_CARD,2365.48,,
DEBIT,02/02/2026,"LOVABLE LOVABLE.DEV DE                       01/31",-25.00,DEBIT_CARD,2425.48,,
DEBIT,02/02/2026,"CLAUDE.AI SUBSCRIPTI ANTHROPIC.COM CA        01/31",-147.20,DEBIT_CARD,2450.48,,
DEBIT,02/02/2026,"SUPERMEMORY INC. SUPERMEMORY.C AZ            01/31",-19.00,DEBIT_CARD,2597.68,,
DEBIT,02/02/2026,"al.Nord*VPNcom 208-6388607 NY                02/01",-8.99,DEBIT_CARD,2616.68,,
CREDIT,02/02/2026,"ORIG CO NAME:STRIPE                 ORIG ID:4270465600 DESC DATE:       CO ENTRY DESCR:TRANSFER  SEC:CCD    TRACE#:111000023784855 EED:260202   IND ID:ST-X1F9I5K3Z3U6              IND NAME:MARK GUNDRUM TRN: 0333784855TC",785.80,ACH_CREDIT,2625.67,,
DEBIT,01/30/2026,"MONTHLY SERVICE FEE",-15.00,FEE_TRANSACTION,1839.87,,
DEBIT,01/30/2026,"MYFICO.COM WWW.MYFICO.CO MT                  01/30",-29.95,DEBIT_CARD,1854.87,,
DEBIT,01/30/2026,"HIGHLEVEL INC. GOHIGHLEVEL.C TX              01/29",-100.00,DEBIT_CARD,1884.82,,
DEBIT,01/29/2026,"INSTANTLY INSTANTLY.AI WY                    01/28",-97.00,DEBIT_CARD,1984.82,,
DEBIT,01/28/2026,"HIGHLEVEL INC. GOHIGHLEVEL.C TX              01/28",-10.00,DEBIT_CARD,2081.82,,
DEBIT,01/28/2026,"Wise 888-9083833 NY                          01/28",-812.56,DEBIT_CARD,2091.82,,
CREDIT,01/28/2026,"Online Transfer from CHK ...0068 transaction#: 27848373526",900.00,ACCT_XFER,2904.38,,
DEBIT,01/27/2026,"Online Transfer to CHK ...0068 transaction#: 27844127850 01/27",-1000.00,ACCT_XFER,2004.38,,
DEBIT,01/27/2026,"Online Transfer to CHK ...0068 transaction#: 27842289677 01/27",-300.00,ACCT_XFER,3004.38,,
CREDIT,01/27/2026,"ORIG CO NAME:STRIPE                 ORIG ID:1800948598 DESC DATE:       CO ENTRY DESCR:TRANSFER  SEC:CCD    TRACE#:091000010037497 EED:260127   IND ID:ST-Q4Z2G0F9M2X5              IND NAME:MARK GUNDRUM TRN: 0270037497TC",481.70,ACH_CREDIT,3304.38,,
CREDIT,01/27/2026,"Zelle payment from ACI ENTERPRISE, LLC WFCT0ZQXM3ZS",1000.00,PARTNERFI_TO_CHASE,2822.68,,
DEBIT,01/26/2026,"FOREIGN EXCHANGE RATE ADJUSTMENT FEE         01/23ETA-IL  E",-0.23,FEE_TRANSACTION,1822.68,,
DEBIT,01/26/2026,"FACEBK *JTJVRBR8Z2 650-5434800 CA            01/26",-399.00,DEBIT_CARD,1822.91,,
DEBIT,01/26/2026,"Online Transfer to CHK ...0068 transaction#: 27823430479 01/26",-250.00,ACCT_XFER,2221.91,,
DEBIT,01/26/2026,"SAFETYWING SAFETYWING.CO CA                  01/25",-66.28,DEBIT_CARD,2471.91,,
DEBIT,01/26/2026,"Payment to Chase card ending in 4252 01/26",-261.00,LOAN_PMT,2538.19,,
DEBIT,01/26/2026,"INSTANTLY INSTANTLY.AI WY                    01/23",-35.00,DEBIT_CARD,2799.19,,
DEBIT,01/26/2026,"ETA-IL  ELETRONIC TRAVE ASHDOD               01/23 IL Shekel  25.00 X 0.3192000 (EXCHG RTE)",-7.98,DEBIT_CARD,2834.19,,
CREDIT,01/26/2026,"Zelle payment from ANTHONY REDDIN BACsz2mn4wy0",250.00,PARTNERFI_TO_CHASE,2842.17,,
CREDIT,01/26/2026,"Zelle payment from JONATHAN BIBLE WFCT0ZQR39TZ",500.00,PARTNERFI_TO_CHASE,2592.17,,
CREDIT,01/26/2026,"Zelle payment from CHRISTIAN WILLARD BACrnentxfz3",700.00,PARTNERFI_TO_CHASE,2092.17,,
DEBIT,01/23/2026,"Payment to Chase card ending in 0678 01/23",-4200.00,LOAN_PMT,1392.17,,
DEBIT,01/23/2026,"Zelle payment to Jonathan Bible JPM99c2z9nvi",-500.00,CHASE_TO_PARTNERFI,5592.17,,
DEBIT,01/23/2026,"Payment to Chase card ending in 0678 01/23",-1000.00,LOAN_PMT,6092.17,,
CREDIT,01/23/2026,"ORIG CO NAME:Credit Strong          ORIG ID:5122002794 DESC DATE:012326 CO ENTRY DESCR:CSTR PAYMTSEC:WEB    TRACE#:114994031121147 EED:260123   IND ID:2726995                      IND NAME:Mark Gundrum TRN: 0231121147TC",100.00,MISC_CREDIT,7092.17,,
CREDIT,01/23/2026,"ORIG CO NAME:STRIPE                 ORIG ID:6270465600 DESC DATE:       CO ENTRY DESCR:TRANSFER  SEC:CCD    TRACE#:091000014082100 EED:260123   IND ID:ST-J7X8L6A7J7M1              IND NAME:MARK GUNDRUM TRN: 0234082100TC",4200.00,ACH_CREDIT,6992.17,,
DEBIT,01/22/2026,"STOP PAYMENT FEE",-30.00,FEE_TRANSACTION,2792.17,,
DEBIT,01/22/2026,"Online Transfer to CHK ...0068 transaction#: 27792908755 01/22",-300.00,ACCT_XFER,2822.17,,
CREDIT,01/22/2026,"Zelle payment from A-Z MOBILE APPS, INC. WFCT0ZQHJTRZ",3000.00,PARTNERFI_TO_CHASE,3122.17,,
DEBIT,01/21/2026,"Online Transfer to CHK ...0068 transaction#: 27775126038 01/21",-50.00,ACCT_XFER,122.17,,
DEBIT,01/21/2026,"Online Transfer to CHK ...0068 transaction#: 27775106181 01/21",-150.00,ACCT_XFER,172.17,,
DEBIT,01/21/2026,"INSTANTLY INSTANTLY.AI WY                    01/20",-97.00,DEBIT_CARD,322.17,,
DEBIT,01/20/2026,"Online Transfer to CHK ...0068 transaction#: 27767244058 01/20",-100.00,ACCT_XFER,419.17,,
DEBIT,01/20/2026,"LOVABLE LOVABLE.DEV DE                       01/20",-20.00,DEBIT_CARD,519.17,,
DEBIT,01/20/2026,"GM* RAPIDURLINDEXER SINGAPORE                01/19",-25.00,DEBIT_CARD,539.17,,
DEBIT,01/20/2026,"FACEBK *752E6EV8Z2 650-5434800 CA            01/19",-278.00,DEBIT_CARD,564.17,,
DEBIT,01/20/2026,"LOVABLE LOVABLE.DEV DE                       01/18",-5.00,DEBIT_CARD,842.17,,
DEBIT,01/20/2026,"FACEBK *DRBUZBM8Z2 650-5434800 CA            01/18",-278.00,DEBIT_CARD,847.17,,
DEBIT,01/20/2026,"HIGGSFIELD INC. WWW.HIGGSFIEL CA             01/18",-52.02,DEBIT_CARD,1125.17,,
DEBIT,01/20/2026,"Online Transfer to CHK ...0068 transaction#: 27736187525 01/20",-100.00,ACCT_XFER,1177.19,,
DEBIT,01/20/2026,"CURSOR, AI POWERED IDE CURSOR.COM NY         01/17",-20.00,DEBIT_CARD,1277.19,,
DEBIT,01/20/2026,"FACEBK *RCDL3CV7Z2 650-5434800 CA            01/17",-226.00,DEBIT_CARD,1297.19,,
DEBIT,01/20/2026,"CLOUDFLARE CLOUDFLARE.CO CA                  01/17",-11.86,DEBIT_CARD,1523.19,,
DEBIT,01/20/2026,"CLAUDE.AI SUBSCRIPTI ANTHROPIC.COM CA        01/17",-80.65,DEBIT_CARD,1535.05,,
DEBIT,01/20/2026,"FS *dataforseo fsprg.nl                      01/17",-59.00,DEBIT_CARD,1615.70,,
CREDIT,01/20/2026,"Online Transfer from CHK ...0068 transaction#: 27732691900",550.00,ACCT_XFER,1674.70,,
CREDIT,01/20/2026,"REAL TIME PAYMENT CREDIT RECD FROM ABA/CONTR BNK-121000248  FROM: MARK GUNDRUM/STRIPE PAYMENTS COMPANY REF: ST-OPD7IG0YXK29F1HTS INFO: TEXT-RmtInf-ST-OPD7IG0YXK29F1HTSKAE KURIOSBRAND IID: 20260117121000248P1BPFAO68371117415 RECD: 01:25:01 TRN: 2498832016GC",472.12,MISC_CREDIT,1124.70,,
DEBIT,01/16/2026,"FACEBK *3T2LTBM8Z2 650-5434800 CA            01/16",-226.00,DEBIT_CARD,652.58,,
DEBIT,01/16/2026,"Online Transfer to  CHK ...0068 transaction#: 27588920382 01/16",-350.00,ACCT_XFER,878.58,,
DEBIT,01/16/2026,"CLAUDE.AI SUBSCRIPTI ANTHROPIC.COM CA        01/16",-20.00,DEBIT_CARD,1228.58,,
DEBIT,01/16/2026,"META WAVE SOLUTIONS WYRA                     01/16",-10.50,DEBIT_CARD,1248.58,,
CREDIT,01/16/2026,"Zelle payment from ANTHONY REDDIN BACs7skylsj7",250.00,PARTNERFI_TO_CHASE,1259.08,,
DEBIT,01/15/2026,"Online Transfer to CHK ...0068 transaction#: 27708472318 01/15",-350.00,ACCT_XFER,1009.08,,
DEBIT,01/15/2026,"FACEBK *GWS5TAR8Z2 650-5434800 CA            01/15",-226.00,DEBIT_CARD,1359.08,,
DEBIT,01/15/2026,"APPLE.COM/BILL 866-712-7753 CA               01/15",-9.99,DEBIT_CARD,1585.08,,
DEBIT,01/15/2026,"EXA.AI EXA.AI CA                             01/14",-79.00,DEBIT_CARD,1595.07,,
DEBIT,01/15/2026,"DESCRIPT DESCRIPT.COM CA                     01/14",-24.00,DEBIT_CARD,1674.07,,
DEBIT,01/14/2026,"FACEBK *6TWXTB58Z2 650-5434800 CA            01/14",-122.00,DEBIT_CARD,1698.07,,
DEBIT,01/14/2026,"TMOBILE*AUTO PAY 800-937-8997 WA             01/13",-55.66,DEBIT_CARD,1820.07,,
DEBIT,01/14/2026,"FACEBK *CA5RNDV8Z2 650-5434800 CA            01/14",-115.00,DEBIT_CARD,1875.73,,
CREDIT,01/14/2026,"Zelle payment from ACI ENTERPRISE, LLC WFCT0ZPN9TGT",1000.00,PARTNERFI_TO_CHASE,1990.73,,
DEBIT,01/13/2026,"ORIG CO NAME:Wise Inc               ORIG ID:9453233521 DESC DATE:260113 CO ENTRY DESCR:WISE      SEC:CCD    TRACE#:021000029969232 EED:260113   IND ID:TrnWise                      IND NAME:KuriosBrand LLC            87174261                                                                          87174261 TRN: 0139969232TC",-20.03,MISC_DEBIT,990.73,,
DEBIT,01/13/2026,"FACEBK *H54ARBV7Z2 650-5434800 CA            01/13",-115.00,DEBIT_CARD,1010.76,,
DEBIT,01/13/2026,"FACEBK *PMVXSA98Z2 650-5434800 CA            01/12",-105.00,DEBIT_CARD,1125.76,,
DEBIT,01/13/2026,"HIGHLEVEL INC. GOHIGHLEVEL.C TX              01/12",-100.00,DEBIT_CARD,1230.76,,
DEBIT,01/13/2026,"LEMLIST PARIS                                01/12",-50.00,DEBIT_CARD,1330.76,,
CREDIT,01/13/2026,"Online Transfer from SAV ...7036 transaction#: 27685817313",200.00,ACCT_XFER,1380.76,,
CREDIT,01/13/2026,"Online Transfer from CHK ...0068 transaction#: 27685837786",455.00,ACCT_XFER,1180.76,,
DEBIT,01/12/2026,"ORIG CO NAME:SELF LENDER INC        ORIG ID:473596202  DESC DATE:       CO ENTRY DESCR:PAYMENTS  SEC:WEB    TRACE#:096001018404635 EED:260112   IND ID:125645353                    IND NAME:MARK GUNDRUM TRN: 0128404635TC",-48.00,MISC_DEBIT,725.76,,
DEBIT,01/12/2026,"FACEBK *2BQ4KAR8Z2 650-5434800 CA            01/12",-104.00,DEBIT_CARD,773.76,,
DEBIT,01/12/2026,"FACEBK *2GXTQA98Z2 650-5434800 CA            01/11",-104.00,DEBIT_CARD,877.76,,
DEBIT,01/12/2026,"FACEBK *SUGVGDV8Z2 650-5434800 CA            01/11",-82.00,DEBIT_CARD,981.76,,
DEBIT,01/12/2026,"FACEBK *A96E9BD8Z2 650-5434800 CA            01/10",-80.00,DEBIT_CARD,1063.76,,
DEBIT,01/12/2026,"FACEBK *9TK4FAR8Z2 650-5434800 CA            01/10",-80.00,DEBIT_CARD,1143.76,,
DEBIT,01/12/2026,"FACEBK *K67XDAR8Z2 650-5434800 CA            01/10",-54.00,DEBIT_CARD,1223.76,,
DEBIT,01/12/2026,"TRAVELINGMAILBOX.COM TRAVELINGMAIL NC        01/09",-19.95,DEBIT_CARD,1277.76,,
CREDIT,01/12/2026,"Online Transfer from CHK ...0068 transaction#: 27670052743",500.00,ACCT_XFER,1297.71,,
DEBIT,01/09/2026,"NON-CHASE ATM FEE-WITH",-5.00,FEE_TRANSACTION,797.71,,
DEBIT,01/09/2026,"FOREIGN EXCHANGE RATE ADJUSTMENT FEE 975871  01/09CALLE BOL",-10.84,FEE_TRANSACTION,802.71,,
DEBIT,01/09/2026,"NON-CHASE ATM WITHDRAW               975871  01/09CALLE BOL Nuevo Sol  1200.00 X 0.2974897 (EXCHG RTE)",-361.45,ATM,813.55,,
DEBIT,01/09/2026,"Online Transfer to CHK ...0068 transaction#: 27644980606 01/09",-500.00,ACCT_XFER,1175.00,,
DEBIT,01/09/2026,"FACEBK *N989CAR8Z2 650-5434800 CA            01/09",-54.00,DEBIT_CARD,1675.00,,
CREDIT,01/09/2026,"Online Transfer from CHK ...0068 transaction#: 27645111376",400.00,ACCT_XFER,1729.00,,
CREDIT,01/09/2026,"Zelle payment from ALEXANDER SHTABSKY 27644834926",500.00,QUICKPAY_CREDIT,1329.00,,
DEBIT,01/08/2026,"FACEBK *RCL6EBV7Z2 650-5434800 CA            01/08",-54.00,DEBIT_CARD,829.00,,
DEBIT,01/08/2026,"FACEBK *6N8W8AR8Z2 650-5434800 CA            01/08",-43.00,DEBIT_CARD,883.00,,
DEBIT,01/08/2026,"GOOGLE *Google One 855-836-3987 CA           01/07",-1.99,DEBIT_CARD,926.00,,
CREDIT,01/08/2026,"Zelle payment from ANTHONY REDDIN BACz2vznjr5f",250.00,PARTNERFI_TO_CHASE,927.99,,
DEBIT,01/07/2026,"FACEBK *MGA3VBH8Z2 650-5434800 CA            01/07",-43.00,DEBIT_CARD,677.99,,
DEBIT,01/07/2026,"OPENAI *CHATGPT SUBSCR OPENAI.COM CA         01/06",-20.00,DEBIT_CARD,720.99,,
DEBIT,01/06/2026,"APPLE COM BILL CUPERTINO CA          670726  01/06",-36.74,DEBIT_CARD,740.99,,
DEBIT,01/06/2026,"FACEBK *RPQ2SBH8Z2 650-5434800 CA            01/06",-43.00,DEBIT_CARD,777.73,,
DEBIT,01/06/2026,"HIGHLEVEL AGENCY SUB GOHIGHLEVEL.C TX        01/06",-297.00,DEBIT_CARD,820.73,,
DEBIT,01/06/2026,"LEMLIST PARIS                                01/05",-30.00,DEBIT_CARD,1117.73,,
DEBIT,01/06/2026,"LEMLIST PARIS                                01/05",-69.00,DEBIT_CARD,1147.73,,
DEBIT,01/05/2026,"ORIG CO NAME:AFFIRM.COM PAYME       ORIG ID:1800948598 DESC DATE:       CO ENTRY DESCR:AFFIRM.COMSEC:WEB    TRACE#:091000010897385 EED:260105   IND ID:ST-Q9B3K0M8S4I4              IND NAME:MARK GUNDRUM TRN: 0050897385TC",-179.67,ACH_DEBIT,1216.73,,
DEBIT,01/05/2026,"Online Transfer to  CHK ...0068 transaction#: 27421879683 01/05",-350.00,ACCT_XFER,1396.40,,
DEBIT,01/05/2026,"FACEBK *LGVHXAM8Z2 650-5434800 CA            01/05",-27.00,DEBIT_CARD,1746.40,,
DEBIT,01/05/2026,"FACEBK *FAX24B58Z2 650-5434800 CA            01/04",-28.00,DEBIT_CARD,1773.40,,
DEBIT,01/05/2026,"FACEBK *A5CN3BV7Z2 650-5434800 CA            01/04",-20.00,DEBIT_CARD,1801.40,,
DEBIT,01/05/2026,"FACEBK *8AE33BV7Z2 650-5434800 CA            01/04",-20.00,DEBIT_CARD,1821.40,,
DEBIT,01/05/2026,"FACEBK *NVY4MBH8Z2 650-5434800 CA            01/03",-12.00,DEBIT_CARD,1841.40,,
DEBIT,01/05/2026,"FACEBK *KDQS4A98Z2 650-5434800 CA            01/03",-12.00,DEBIT_CARD,1853.40,,
DEBIT,01/05/2026,"FACEBK *NSUCZA58Z2 650-5434800 CA            01/03",-12.00,DEBIT_CARD,1865.40,,
DEBIT,01/05/2026,"FACEBK *UNE3W9R8Z2 650-5434800 CA            01/03",-16.00,DEBIT_CARD,1877.40,,
DEBIT,01/05/2026,"FACEBK *M7X9ZAV7Z2 650-5434800 CA            01/03",-15.00,DEBIT_CARD,1893.40,,
DEBIT,01/05/2026,"FACEBK *HPK2ZAV7Z2 650-5434800 CA            01/03",-10.00,DEBIT_CARD,1908.40,,
DEBIT,01/05/2026,"FACEBK *B2CJKBH8Z2 650-5434800 CA            01/03",-11.00,DEBIT_CARD,1918.40,,
DEBIT,01/05/2026,"FACEBK *EFAXXAV7Z2 650-5434800 CA            01/02",-10.00,DEBIT_CARD,1929.40,,
DEBIT,01/05/2026,"FACEBK *MJ4JXA58Z2 650-5434800 CA            01/02",-7.00,DEBIT_CARD,1939.40,,
DEBIT,01/05/2026,"FACEBK *87WJ2A98Z2 650-5434800 CA            01/02",-7.00,DEBIT_CARD,1946.40,,
DEBIT,01/05/2026,"FACEBK *H6AH2A98Z2 650-5434800 CA            01/02",-7.00,DEBIT_CARD,1953.40,,
CREDIT,01/05/2026,"Online Transfer from CHK ...0068 transaction#: 27595356023",450.00,ACCT_XFER,1960.40,,
CREDIT,01/05/2026,"REAL TIME PAYMENT CREDIT RECD FROM ABA/CONTR BNK-121000248  FROM: MARK GUNDRUM/STRIPE PAYMENTS COMPANY REF: ST-5MPTYL6YHNUZA79LD INFO: TEXT-RmtInf-ST-5MPTYL6YHNUZA79LD03H KURIOSBRAND IID: 20260105121000248P1BPEAO65701167694 RECD: 17:00:05 TRN: 1586372005GE",488.77,MISC_CREDIT,1510.40,,
DEBIT,01/02/2026,"Online Transfer to CHK ...0068 transaction#: 27560962442 01/02",-84.00,ACCT_XFER,1021.63,,
DEBIT,01/02/2026,"FACEBK *NC5DTCV8Z2 650-5434800 CA            01/02",-6.00,DEBIT_CARD,1105.63,,
DEBIT,01/02/2026,"FACEBK *R2TD2A98Z2 650-5434800 CA            01/02",-6.00,DEBIT_CARD,1111.63,,
DEBIT,01/02/2026,"FACEBK *UBWPMAZ7Z2 650-5434800 CA            01/02",-6.00,DEBIT_CARD,1117.63,,
DEBIT,01/02/2026,"FACEBK *QZE8TCV8Z2 650-5434800 CA            01/02",-6.00,DEBIT_CARD,1123.63,,
DEBIT,01/02/2026,"FACEBK *TFRXT9R8Z2 WILMINGTON DE     087150  01/02",-5.00,DEBIT_CARD,1129.63,,
DEBIT,01/02/2026,"FACEBK *YZVBXAV7Z2 650-5434800 CA            01/02",-5.00,DEBIT_CARD,1134.63,,
DEBIT,01/02/2026,"FACEBK *VWTYSCV8Z2 650-5434800 CA            01/02",-5.00,DEBIT_CARD,1139.63,,
DEBIT,01/02/2026,"FACEBK *RJ5BMAZ7Z2 650-5434800 CA            01/02",-3.00,DEBIT_CARD,1144.63,,
DEBIT,01/02/2026,"ORIG CO NAME:CHASE CREDIT CRD       ORIG ID:4760039224 DESC DATE:260101 CO ENTRY DESCR:AUTOPAYBUSSEC:PPD    TRACE#:021000023886347 EED:260102   IND ID:                             IND NAME:GUNDRUM MARK D TRN: 0023886347TC",-61.00,ACH_DEBIT,1147.63,,
DEBIT,01/02/2026,"FACEBK *AQF4Z998Z2 650-5434800 CA            01/02",-3.00,DEBIT_CARD,1208.63,,
DEBIT,01/02/2026,"FACEBK *9G3FS9R8Z2 650-5434800 CA            01/02",-2.00,DEBIT_CARD,1211.63,,
DEBIT,01/02/2026,"Online Transfer to CHK ...0068 transaction#: 27547657010 01/02",-100.00,ACCT_XFER,1213.63,,
DEBIT,01/02/2026,"GOOGLE *ADS270066549 cc@google.com CA        01/01",-4.01,DEBIT_CARD,1313.63,,
DEBIT,01/02/2026,"GOOGLE *ADS914840996 cc@google.com CA        01/01",-217.20,DEBIT_CARD,1317.64,,
DEBIT,01/02/2026,"GOOGLE *Workspace_ku cc@google.com CA        01/01",-21.67,DEBIT_CARD,1534.84,,
DEBIT,01/02/2026,"GOOGLE *Workspace_co cc@google.com CA        01/01",-26.40,DEBIT_CARD,1556.51,,
DEBIT,01/02/2026,"10WEB.IO 10WEB.IO DE                         01/01",-136.00,DEBIT_CARD,1582.91,,
DEBIT,01/02/2026,"INSTANTLY INSTANTLY.AI WY                    12/31",-54.06,DEBIT_CARD,1718.91,,
CREDIT,01/02/2026,"ORIG CO NAME:STRIPE                 ORIG ID:1800948598 DESC DATE:       CO ENTRY DESCR:TRANSFER  SEC:CCD    TRACE#:091000013659174 EED:260102   IND ID:ST-I8Q4E6O6F5O4              IND NAME:MARK GUNDRUM TRN: 0023659174TC",79.20,ACH_CREDIT,1772.97,,
CREDIT,01/02/2026,"Zelle payment from ANTHONY REDDIN BACsubedldng",250.00,PARTNERFI_TO_CHASE,1693.77,,
DEBIT,12/31/2025,"MONTHLY SERVICE FEE",-15.00,FEE_TRANSACTION,1443.77,,
DEBIT,12/31/2025,"Online Transfer to CHK ...0068 transaction#: 27533877128 12/31",-200.00,ACCT_XFER,1458.77,,
DEBIT,12/31/2025,"APPLE COM BILL CUPERTINO CA          246926  12/31",-12.59,DEBIT_CARD,1658.77,,
DEBIT,12/31/2025,"ORIG CO NAME:Credit Strong          ORIG ID:5122002794 DESC DATE:123025 CO ENTRY DESCR:CSTR PAYMTSEC:WEB    TRACE#:114994032300349 EED:251231   IND ID:2659668                      IND NAME:Mark Gundrum TRN: 3652300349TC",-99.00,MISC_DEBIT,1671.36,,
DEBIT,12/31/2025,"INSTANTLY INSTANTLY.AI WY                    12/30",-30.00,DEBIT_CARD,1770.36,,
DEBIT,12/31/2025,"INSTANTLY INSTANTLY.AI WY                    12/30",-5.00,DEBIT_CARD,1800.36,,
DEBIT,12/31/2025,"INSTANTLY INSTANTLY.AI WY                    12/30",-5.00,DEBIT_CARD,1805.36,,
DEBIT,12/31/2025,"INSTANTLY INSTANTLY.AI WY                    12/30",-10.00,DEBIT_CARD,1810.36,,
DEBIT,12/31/2025,"EXA.AI EXA.AI CA                             12/30",-407.90,DEBIT_CARD,1820.36,,
DEBIT,12/30/2025,"MYFICO.COM WWW.MYFICO.CO MT                  12/30",-29.95,DEBIT_CARD,2228.26,,
CREDIT,12/30/2025,"Zelle payment from ACI ENTERPRISE, LLC WFCT0ZN5S5MB",1000.00,PARTNERFI_TO_CHASE,2258.21,,
DEBIT,12/29/2025,"Online Transfer to CHK ...0068 transaction#: 27503513918 12/29",-500.00,ACCT_XFER,1258.21,,
DEBIT,12/29/2025,"INSTANTLY INSTANTLY.AI WY                    12/29",-52.00,DEBIT_CARD,1758.21,,
DEBIT,12/29/2025,"REVID PARIS                                  12/28",-39.00,DEBIT_CARD,1810.21,,
DEBIT,12/29/2025,"INSTANTLY INSTANTLY.AI WY                    12/28",-37.00,DEBIT_CARD,1849.21,,
DEBIT,12/29/2025,"HIGHLEVEL INC. GOHIGHLEVEL.C TX              12/28",-10.00,DEBIT_CARD,1886.21,,
DEBIT,12/29/2025,"SAFETYWING SAFETYWING.CO CA                  12/28",-66.28,DEBIT_CARD,1896.21,,
DEBIT,12/29/2025,"EXA.AI EXA.AI CA                             12/26",-35.00,DEBIT_CARD,1962.49,,
CREDIT,12/29/2025,"Zelle payment from ALEXANDER SHTABSKY 27501097957",500.00,QUICKPAY_CREDIT,1997.49,,
CREDIT,12/29/2025,"Online Transfer from CHK ...0068 transaction#: 27500179723",900.00,ACCT_XFER,1497.49,,
DEBIT,12/26/2025,"Online Transfer to CHK ...0068 transaction#: 27473422126 12/26",-470.00,ACCT_XFER,597.49,,
DEBIT,12/26/2025,"EXA.AI EXA.AI CA                             12/24",-49.00,DEBIT_CARD,1067.49,,
CREDIT,12/26/2025,"Zelle payment from ANTHONY REDDIN BACz7q7oo3y5",250.00,PARTNERFI_TO_CHASE,1116.49,,
CREDIT,12/26/2025,"REAL TIME PAYMENT CREDIT RECD FROM ABA/CONTR BNK-121000248  FROM: MARK GUNDRUM/STRIPE PAYMENTS COMPANY REF: ST-TDQUYB3IPFXRBELXE INFO: TEXT-RmtInf-ST-TDQUYB3IPFXRBELXEMLQ KURIOSBRAND IID: 20251226121000248P1BPDAO65701040585 RECD: 13:08:32 TRN: 1010102360GB",394.09,MISC_CREDIT,866.49,,
DEBIT,12/24/2025,"ORIG CO NAME:WISE US INC            ORIG ID:1453233521 DESC DATE:251224 CO ENTRY DESCR:WISE      SEC:CCD    TRACE#:111000026321027 EED:251224   IND ID:TrnWise                      IND NAME:KuriosBrand LLC                                                                                              85884633 TRN: 3586321027TC",-50.09,MISC_DEBIT,472.40,,
DEBIT,12/24/2025,"Online Transfer to CHK ...0068 transaction#: 27452006275 12/24",-100.00,ACCT_XFER,522.49,,
DEBIT,12/24/2025,"ORIG CO NAME:Credit Strong          ORIG ID:5122002794 DESC DATE:122325 CO ENTRY DESCR:CSTR PAYMTSEC:WEB    TRACE#:114994030343989 EED:251224   IND ID:2642551                      IND NAME:Mark Gundrum TRN: 3580343989TC",-90.00,MISC_DEBIT,622.49,,
DEBIT,12/24/2025,"LEMLIST PARIS                                12/23",-50.00,DEBIT_CARD,712.49,,
CREDIT,12/23/2025,"ORIG CO NAME:STRIPE                 ORIG ID:4270465600 DESC DATE:       CO ENTRY DESCR:TRANSFER  SEC:CCD    TRACE#:111000020694137 EED:251223   IND ID:ST-K7X0P9Z9I5R3              IND NAME:MARK GUNDRUM TRN: 3570694137TC",481.70,ACH_CREDIT,762.49,,
DEBIT,12/22/2025,"Online Transfer to  CHK ...0068 transaction#: 27252457356 12/22",-350.00,ACCT_XFER,280.79,,
DEBIT,12/22/2025,"OPENAI OPENAI.COM CA                         12/21",-50.00,DEBIT_CARD,630.79,,
DEBIT,12/22/2025,"APIFY* SUBSCRIPTION PRAGUE                   12/21",-39.00,DEBIT_CARD,680.79,,
DEBIT,12/22/2025,"WWW.PERPLEXITY.AI WWW.PERPLEXIT CA           12/21",-10.00,DEBIT_CARD,719.79,,
DEBIT,12/22/2025,"LOVABLE LOVABLE.DEV DE                       12/20",-25.00,DEBIT_CARD,729.79,,
DEBIT,12/22/2025,"GUMROAD* BART SLODYCZK GUMROAD.COM NY        12/19",-1.06,DEBIT_CARD,754.79,,
DEBIT,12/19/2025,"ELECTIVE 202-804-3017 FL                     12/18",-816.67,DEBIT_CARD,755.85,,
DEBIT,12/18/2025,"LOVABLE LOVABLE.DEV DE                       12/18",-25.00,DEBIT_CARD,1572.52,,
DEBIT,12/18/2025,"Online Transfer to CHK ...0068 transaction#: 27373425283 12/18",-100.00,ACCT_XFER,1597.52,,
DEBIT,12/18/2025,"WI DFI WS2 CFI CC EPAY 608-2617222 WI        12/17",-40.00,DEBIT_CARD,1697.52,,
DEBIT,12/18/2025,"HARBOR COMPLIANCE 717-723-9317 PA            12/17",-159.00,DEBIT_CARD,1737.52,,
CREDIT,12/18/2025,"Online Transfer from SAV ...7036 transaction#: 27379299974",100.00,ACCT_XFER,1896.52,,
CREDIT,12/18/2025,"Online Transfer from CHK ...0068 transaction#: 27379314764",400.00,ACCT_XFER,1796.52,,
DEBIT,12/17/2025,"Online Transfer to CHK ...0068 transaction#: 27358191222 12/17",-300.00,ACCT_XFER,1396.52,,
DEBIT,12/16/2025,"Online Transfer to CHK ...0068 transaction#: 27351549056 12/16",-100.00,ACCT_XFER,1696.52,,
CREDIT,12/16/2025,"ORIG CO NAME:STRIPE                 ORIG ID:1800948598 DESC DATE:       CO ENTRY DESCR:TRANSFER  SEC:CCD    TRACE#:091000017181775 EED:251216   IND ID:ST-F0A0P0Z7D3I9              IND NAME:MARK GUNDRUM TRN: 3507181775TC",474.65,ACH_CREDIT,1796.52,,
CREDIT,12/16/2025,"Zelle payment from ACI ENTERPRISE, LLC WFCT0ZLPHXSD",1000.00,PARTNERFI_TO_CHASE,1321.87,,
DEBIT,12/15/2025,"Online Transfer to CHK ...0068 transaction#: 27342415824 12/15",-100.00,ACCT_XFER,321.87,,
DEBIT,12/15/2025,"HIGHLEVEL INC. GOHIGHLEVEL.C TX              12/15",-100.00,DEBIT_CARD,421.87,,
DEBIT,12/15/2025,"APPLE COM BILL CUPERTINO CA          496037  12/15",-9.99,DEBIT_CARD,521.87,,
DEBIT,12/15/2025,"NAME-CHEAP.COM* THMH WWW.NAMECHEAP AZ        12/15",-18.68,DEBIT_CARD,531.86,,
DEBIT,12/15/2025,"TMOBILE*AUTO PAY 800-937-8997 WA             12/13",-55.66,DEBIT_CARD,550.54,,
DEBIT,12/12/2025,"NAME-CHEAP.COM* LHWB WWW.NAMECHEAP AZ        12/12",-18.68,DEBIT_CARD,606.20,,
DEBIT,12/10/2025,"ORIG CO NAME:SELF LENDER INC        ORIG ID:473596202  DESC DATE:       CO ENTRY DESCR:PAYMENTS  SEC:WEB    TRACE#:096001012522998 EED:251210   IND ID:124209325                    IND NAME:MARK GUNDRUM TRN: 3442522998TC",-48.00,MISC_DEBIT,624.88,,
DEBIT,12/10/2025,"TRAVELINGMAILBOX.COM TRAVELINGMAIL NC        12/09",-19.95,DEBIT_CARD,672.88,,
DEBIT,12/10/2025,"ANYTIME MAILBOX ANYTIMEMAILBO NV             12/09",-19.99,DEBIT_CARD,692.83,,
DEBIT,12/10/2025,"10WEB.IO 10WEB.IO DE                         12/09",-136.00,DEBIT_CARD,712.82,,
DEBIT,12/09/2025,"Online Transfer to CHK ...0068 transaction#: 27268481865 12/09",-100.00,ACCT_XFER,848.82,,
DEBIT,12/09/2025,"Payment to Chase card ending in 0678 12/09",-60.00,LOAN_PMT,948.82,,
DEBIT,12/09/2025,"GOOGLE *Google One 855-836-3987 CA           12/09",-19.99,DEBIT_CARD,1008.82,,
DEBIT,12/09/2025,"OPENAI *CHATGPT SUBSCR OPENAI.COM CA         12/09",-20.00,DEBIT_CARD,1028.81,,
CREDIT,12/09/2025,"ORIG CO NAME:STRIPE                 ORIG ID:1800948598 DESC DATE:       CO ENTRY DESCR:TRANSFER  SEC:CCD    TRACE#:091000014571766 EED:251209   IND ID:ST-E4X7S9J7K8C2              IND NAME:MARK GUNDRUM TRN: 3434571766TC",662.15,ACH_CREDIT,1048.81,,
DEBIT,12/08/2025,"Online Transfer to  CHK ...0068 transaction#: 27073528442 12/08",-350.00,ACCT_XFER,386.66,,
DEBIT,12/08/2025,"FLOWITH.IO FLOWITH.IO CO                     12/07",-19.90,DEBIT_CARD,736.66,,
DEBIT,12/08/2025,"Online Transfer to CHK ...0068 transaction#: 27240608044 12/08",-200.00,ACCT_XFER,756.56,,
DEBIT,12/08/2025,"APPLE.COM/BILL 866-712-7753 CA               12/06",-36.74,DEBIT_CARD,956.56,,
DEBIT,12/08/2025,"HIGHLEVEL AGENCY SUB GOHIGHLEVEL.C TX        12/06",-297.00,DEBIT_CARD,993.30,,
DEBIT,12/08/2025,"GOOGLE *ADS351966950 cc@google.com CA        12/06",12.14,DEBIT_CARD,1290.30,,
DEBIT,12/04/2025,"GOOGLE *ADS914840996 cc@google.com CA        12/04",-144.12,DEBIT_CARD,1278.16,,
DEBIT,12/03/2025,"Online Transfer to CHK ...0068 transaction#: 27190786713 12/03",-300.00,ACCT_XFER,1422.28,,
DEBIT,12/03/2025,"ORIG CO NAME:AFFIRM.COM PAYME       ORIG ID:1800948598 DESC DATE:       CO ENTRY DESCR:AFFIRM.COMSEC:WEB    TRACE#:091000015194109 EED:251203   IND ID:ST-S0D2Y9C4M5A3              IND NAME:MARK GUNDRUM TRN: 3375194109TC",-179.65,ACH_DEBIT,1722.28,,
CREDIT,12/03/2025,"ORIG CO NAME:STRIPE                 ORIG ID:4270465600 DESC DATE:       CO ENTRY DESCR:TRANSFER  SEC:CCD    TRACE#:111000020147358 EED:251203   IND ID:ST-G6M3R4Y6E3O2              IND NAME:MARK GUNDRUM TRN: 3370147358TC",96.10,ACH_CREDIT,1901.93,,
DEBIT,12/02/2025,"ORIG CO NAME:CHASE CREDIT CRD       ORIG ID:4760039224 DESC DATE:251201 CO ENTRY DESCR:AUTOPAYBUSSEC:PPD    TRACE#:021000026122308 EED:251202   IND ID:                             IND NAME:GUNDRUM MARK D TRN: 3366122308TC",-118.00,ACH_DEBIT,1805.83,,
DEBIT,12/02/2025,"GOOGLE *ADS801622434 cc@google.com CA        12/01",-85.97,DEBIT_CARD,1923.83,,
DEBIT,12/02/2025,"GOOGLE *ADS270066549 cc@google.com CA        12/01",-142.30,DEBIT_CARD,2009.80,,
CREDIT,12/02/2025,"ORIG CO NAME:STRIPE                 ORIG ID:1800948598 DESC DATE:       CO ENTRY DESCR:TRANSFER  SEC:CCD    TRACE#:091000013274254 EED:251202   IND ID:ST-C3Y5L3F9C7J4              IND NAME:MARK GUNDRUM TRN: 3363274254TC",466.90,ACH_CREDIT,2152.10,,
CREDIT,12/02/2025,"Zelle payment from ACI ENTERPRISE, LLC WFCT0ZK6PV4J",1000.00,PARTNERFI_TO_CHASE,1685.20,,
DEBIT,12/01/2025,"ORIG CO NAME:Wise Inc               ORIG ID:9453233521 DESC DATE:251201 CO ENTRY DESCR:WISE      SEC:CCD    TRACE#:021000021993974 EED:251201   IND ID:TrnWise                      IND NAME:KuriosBrand LLC                                                                                              84231724 TRN: 3351993974TC",-50.09,MISC_DEBIT,685.20,,
DEBIT,12/01/2025,"GOOGLE *Workspace_co cc@google.com CA        12/01",-23.76,DEBIT_CARD,735.29,,
DEBIT,12/01/2025,"APPLE COM BILL CUPERTINO CA          177721  12/01",-12.59,DEBIT_CARD,759.05,,
DEBIT,12/01/2025,"SAFETYWING SAFETYWING.CO CA                  11/30",-66.28,DEBIT_CARD,771.64,,
DEBIT,12/01/2025,"MYFICO.COM WWW.MYFICO.CO MT                  11/30",-29.95,DEBIT_CARD,837.92,,
DEBIT,12/01/2025,"Online Transfer to CHK ...0068 transaction#: 27135251474 12/01",-200.00,ACCT_XFER,867.87,,
DEBIT,11/28/2025,"MONTHLY SERVICE FEE",-15.00,FEE_TRANSACTION,1067.87,,
DEBIT,11/28/2025,"HIGHLEVEL INC. GOHIGHLEVEL.C TX              11/28",-10.00,DEBIT_CARD,1082.87,,
DEBIT,11/28/2025,"TradingViewV*Product Westerville OH          11/28",-16.95,DEBIT_CARD,1092.87,,
DEBIT,11/28/2025,"Online Transfer to CHK ...0068 transaction#: 27111988534 11/28",-100.00,ACCT_XFER,1109.82,,
DEBIT,11/26/2025,"Online Transfer to CHK ...0068 transaction#: 27105667932 11/26",-100.00,ACCT_XFER,1209.82,,
DEBIT,11/26/2025,"NAME-CHEAP.COM* TDKG WWW.NAMECHEAP AZ        11/25",-18.68,DEBIT_CARD,1309.82,,
DEBIT,11/25/2025,"Online Transfer to CHK ...0068 transaction#: 27088297371 11/25",-200.00,ACCT_XFER,1328.50,,
DEBIT,11/25/2025,"Online Transfer to CHK ...0068 transaction#: 27088179380 11/25",-200.00,ACCT_XFER,1528.50,,
CREDIT,11/25/2025,"ORIG CO NAME:STRIPE                 ORIG ID:1800948598 DESC DATE:       CO ENTRY DESCR:TRANSFER  SEC:CCD    TRACE#:091000011932012 EED:251125   IND ID:ST-N2X9U1L3J3E8              IND NAME:MARK GUNDRUM TRN: 3291932012TC",478.20,ACH_CREDIT,1728.50,,
DEBIT,11/24/2025,"NAME-CHEAP.COM* 9UUX WWW.NAMECHEAP AZ        11/24",-18.68,DEBIT_CARD,1250.30,,
DEBIT,11/24/2025,"ORIG CO NAME:Wise Inc               ORIG ID:9453233521 DESC DATE:251124 CO ENTRY DESCR:WISE      SEC:CCD    TRACE#:021000023988234 EED:251124   IND ID:TrnWise                      IND NAME:KuriosBrand LLC                                                                                              83788246 TRN: 3283988234TC",-20.03,MISC_DEBIT,1268.98,,
DEBIT,11/24/2025,"Online Transfer to  CHK ...0068 transaction#: 26909369706 11/24",-350.00,ACCT_XFER,1289.01,,
DEBIT,11/21/2025,"Online Transfer to CHK ...0068 transaction#: 27048972994 11/21",-80.00,ACCT_XFER,1639.01,,
DEBIT,11/21/2025,"Online Transfer to CHK ...0068 transaction#: 27041716705 11/21",-200.00,ACCT_XFER,1719.01,,
DEBIT,11/21/2025,"Online Transfer to CHK ...0068 transaction#: 27041714131 11/21",-300.00,ACCT_XFER,1919.01,,
DEBIT,11/21/2025,"ORIG CO NAME:Credit Strong          ORIG ID:5122002794 DESC DATE:112125 CO ENTRY DESCR:CSTR PAYMTSEC:WEB    TRACE#:114994038148093 EED:251121   IND ID:2562416                      IND NAME:Mark Gundrum TRN: 3258148093TC",-90.00,MISC_DEBIT,2219.01,,
CREDIT,11/21/2025,"Zelle payment from ACI ENTERPRISE, LLC WFCT0ZHYBLP9",1000.00,PARTNERFI_TO_CHASE,2309.01,,
DEBIT,11/20/2025,"ORIG CO NAME:Wise Inc               ORIG ID:9453233521 DESC DATE:251120 CO ENTRY DESCR:WISE      SEC:CCD    TRACE#:021000022310403 EED:251120   IND ID:TrnWise                      IND NAME:KuriosBrand LLC                                                                                              83627970 TRN: 3242310403TC",-60.10,MISC_DEBIT,1309.01,,
DEBIT,11/20/2025,"HIGHLEVEL INC. GOHIGHLEVEL.C TX              11/20",-100.00,DEBIT_CARD,1369.11,,
CREDIT,11/20/2025,"ORIG CO NAME:STRIPE                 ORIG ID:4270465600 DESC DATE:       CO ENTRY DESCR:TRANSFER  SEC:CCD    TRACE#:111000024672352 EED:251120   IND ID:ST-Q9W7M5Q8Y6G2              IND NAME:MARK GUNDRUM TRN: 3244672352TC",180.45,ACH_CREDIT,1469.11,,
CREDIT,11/19/2025,"ORIG CO NAME:STRIPE                 ORIG ID:1800948598 DESC DATE:       CO ENTRY DESCR:TRANSFER  SEC:CCD    TRACE#:091000014850811 EED:251119   IND ID:ST-G1C0N5V0O8M0              IND NAME:MARK GUNDRUM TRN: 3234850811TC",479.20,ACH_CREDIT,1288.66,,
DEBIT,11/17/2025,"Online Transfer to CHK ...0068 transaction#: 26994750981 11/17",-70.00,ACCT_XFER,809.46,,
DEBIT,11/17/2025,"ORIG CO NAME:Wise Inc               ORIG ID:9453233521 DESC DATE:251117 CO ENTRY DESCR:WISE      SEC:CCD    TRACE#:021000023603357 EED:251117   IND ID:TrnWise                      IND NAME:KuriosBrand LLC                                                                                              83324423 TRN: 3213603357TC",-200.34,MISC_DEBIT,879.46,,
DEBIT,11/17/2025,"ORIG CO NAME:Wise Inc               ORIG ID:9453233521 DESC DATE:251117 CO ENTRY DESCR:WISE      SEC:CCD    TRACE#:021000023603353 EED:251117   IND ID:TrnWise                      IND NAME:KuriosBrand LLC                                                                                              83324086 TRN: 3213603353TC",-350.60,MISC_DEBIT,1079.80,,
DEBIT,11/17/2025,"APPLE.COM/BILL 866-712-7753 CA               11/15",-9.99,DEBIT_CARD,1430.40,,
CREDIT,11/17/2025,"Online Transfer from SAV ...7036 transaction#: 26980651568",100.00,ACCT_XFER,1440.39,,
CREDIT,11/17/2025,"ORIG CO NAME:STRIPE                 ORIG ID:4270465600 DESC DATE:       CO ENTRY DESCR:TRANSFER  SEC:CCD    TRACE#:111000022963339 EED:251117   IND ID:ST-M0L3S7X4Z6G0              IND NAME:MARK GUNDRUM TRN: 3212963339TC",180.45,ACH_CREDIT,1340.39,,
CREDIT,11/17/2025,"Online Transfer from CHK ...0068 transaction#: 26980823944",200.00,ACCT_XFER,1159.94,,
DEBIT,11/14/2025,"ORIG CO NAME:Wise Inc               ORIG ID:9453233521 DESC DATE:251114 CO ENTRY DESCR:WISE      SEC:CCD    TRACE#:021000023590841 EED:251114   IND ID:TrnWise                      IND NAME:KuriosBrand LLC                                                                                              83245547 TRN: 3183590841TC",-50.09,MISC_DEBIT,959.94,,
DEBIT,11/14/2025,"ORIG CO NAME:Wise Inc               ORIG ID:9453233521 DESC DATE:251114 CO ENTRY DESCR:WISE      SEC:CCD    TRACE#:021000023590839 EED:251114   IND ID:TrnWise                      IND NAME:KuriosBrand LLC                                                                                              83245509 TRN: 3183590839TC",-88.15,MISC_DEBIT,1010.03,,
DEBIT,11/14/2025,"Online Transfer to CHK ...0068 transaction#: 26959685520 11/14",-300.00,ACCT_XFER,1098.18,,
DEBIT,11/14/2025,"TMOBILE*AUTO PAY 800-937-8997 WA             11/13",-73.79,DEBIT_CARD,1398.18,,
DEBIT,11/14/2025,"GOOGLE *ADS801622434 cc@google.com CA        11/13",-200.00,DEBIT_CARD,1471.97,,
CREDIT,11/14/2025,"ORIG CO NAME:STRIPE                 ORIG ID:4270465600 DESC DATE:       CO ENTRY DESCR:TRANSFER  SEC:CCD    TRACE#:111000024717315 EED:251114   IND ID:ST-Y8Q5J3Y1C1W8              IND NAME:MARK GUNDRUM TRN: 3184717315TC",180.45,ACH_CREDIT,1671.97,,
CREDIT,11/12/2025,"ORIG CO NAME:STRIPE                 ORIG ID:4270465600 DESC DATE:       CO ENTRY DESCR:TRANSFER  SEC:CCD    TRACE#:111000025115619 EED:251112   IND ID:ST-T7D2Z6A5K2Y7              IND NAME:MARK GUNDRUM TRN: 3165115619TC",479.20,ACH_CREDIT,1491.52,,
DEBIT,11/10/2025,"FOREIGN EXCHANGE RATE ADJUSTMENT FEE         11/08MERCADOPA",-1.02,FEE_TRANSACTION,1012.32,,
DEBIT,11/10/2025,"ORIG CO NAME:SELF LENDER INC        ORIG ID:473596202  DESC DATE:       CO ENTRY DESCR:PAYMENTS  SEC:WEB    TRACE#:096001017588555 EED:251110   IND ID:122788746                    IND NAME:MARK GUNDRUM TRN: 3147588555TC",-48.00,MISC_DEBIT,1013.34,,
DEBIT,11/10/2025,"ORIG CO NAME:Wise Inc               ORIG ID:9453233521 DESC DATE:251110 CO ENTRY DESCR:WISE      SEC:CCD    TRACE#:021000026186932 EED:251110   IND ID:TrnWise                      IND NAME:KuriosBrand LLC                                                                                              82888590 TRN: 3146186932TC",-50.09,MISC_DEBIT,1061.34,,
DEBIT,11/10/2025,"Online Transfer to  CHK ...0068 transaction#: 26732636129 11/10",-350.00,ACCT_XFER,1111.43,,
DEBIT,11/10/2025,"Online Transfer to CHK ...0068 transaction#: 26900152174 11/10",-450.00,ACCT_XFER,1461.43,,
DEBIT,11/10/2025,"MERCADOPAGO BOGOTA D.C.                      11/08 CO Peso    130710.00 X 0.000262642 (EXCHG RTE)",-34.33,DEBIT_CARD,1911.43,,
DEBIT,11/10/2025,"FLOWITH.IO FLOWITH.IO CO                     11/07",-19.90,DEBIT_CARD,1945.76,,
DEBIT,11/07/2025,"ORIG CO NAME:Wise Inc               ORIG ID:9453233521 DESC DATE:251107 CO ENTRY DESCR:WISE      SEC:CCD    TRACE#:021000023454264 EED:251107   IND ID:TrnWise                      IND NAME:KuriosBrand LLC                                                                                              82826933 TRN: 3113454264TC",-20.03,MISC_DEBIT,1965.66,,
DEBIT,11/07/2025,"Online Transfer to CHK ...0068 transaction#: 26880603650 11/07",-100.00,ACCT_XFER,1985.69,,
DEBIT,11/07/2025,"HIGHLEVEL INC. GOHIGHLEVEL.C TX              11/07",-100.00,DEBIT_CARD,2085.69,,
DEBIT,11/07/2025,"APPLE.COM/BILL 866-712-7753 CA               11/06",-36.74,DEBIT_CARD,2185.69,,
CREDIT,11/07/2025,"ORIG CO NAME:STRIPE                 ORIG ID:4270465600 DESC DATE:       CO ENTRY DESCR:TRANSFER  SEC:CCD    TRACE#:111000028569564 EED:251107   IND ID:ST-S6J4U4E2V4I1              IND NAME:MARK GUNDRUM TRN: 3118569564TC",479.20,ACH_CREDIT,2222.43,,
CREDIT,11/07/2025,"Zelle payment from ACI ENTERPRISE, LLC WFCT0ZGL3MB7",1000.00,PARTNERFI_TO_CHASE,1743.23,,
DEBIT,11/06/2025,"Online Transfer to CHK ...0068 transaction#: 26868711126 11/06",-100.00,ACCT_XFER,743.23,,
DEBIT,11/06/2025,"ORIG CO NAME:Wise Inc               ORIG ID:9453233521 DESC DATE:251106 CO ENTRY DESCR:WISE      SEC:CCD    TRACE#:021000026981008 EED:251106   IND ID:TrnWise                      IND NAME:KuriosBrand LLC                                                                                              82758270 TRN: 3106981008TC",-50.09,MISC_DEBIT,843.23,,
DEBIT,11/06/2025,"Online Transfer to CHK ...0068 transaction#: 26865484895 11/06",-100.00,ACCT_XFER,893.32,,
DEBIT,11/06/2025,"HIGHLEVEL AGENCY SUB GOHIGHLEVEL.C TX        11/06",-297.00,DEBIT_CARD,993.32,,
DEBIT,11/05/2025,"ORIG CO NAME:Wise Inc               ORIG ID:9453233521 DESC DATE:251105 CO ENTRY DESCR:WISE      SEC:CCD    TRACE#:021000024756140 EED:251105   IND ID:TrnWise                      IND NAME:KuriosBrand LLC                                                                                              82707423 TRN: 3094756140TC",-30.05,MISC_DEBIT,1290.32,,
DEBIT,11/05/2025,"ORIG CO NAME:Wise Inc               ORIG ID:9453233521 DESC DATE:251105 CO ENTRY DESCR:WISE      SEC:CCD    TRACE#:021000022833081 EED:251105   IND ID:TrnWise                      IND NAME:KuriosBrand LLC                                                                                              82685154 TRN: 3092833081TC",-50.09,MISC_DEBIT,1320.37,,
CREDIT,11/05/2025,"ORIG CO NAME:STRIPE                 ORIG ID:4270465600 DESC DATE:       CO ENTRY DESCR:TRANSFER  SEC:CCD    TRACE#:111000021880520 EED:251105   IND ID:ST-I0K6S3J3N2Z2              IND NAME:MARK GUNDRUM TRN: 3091880520TC",278.56,ACH_CREDIT,1370.46,,
DEBIT,11/04/2025,"ORIG CO NAME:Wise Inc               ORIG ID:9453233521 DESC DATE:251104 CO ENTRY DESCR:WISE      SEC:CCD    TRACE#:021000029979280 EED:251104   IND ID:TrnWise                      IND NAME:KuriosBrand LLC                                                                                              82610123 TRN: 3089979280TC",-20.03,MISC_DEBIT,1091.90,,
CREDIT,11/04/2025,"ORIG CO NAME:STRIPE                 ORIG ID:4270465600 DESC DATE:       CO ENTRY DESCR:TRANSFER  SEC:CCD    TRACE#:111000023047105 EED:251104   IND ID:ST-B5A8R3Y5R9X7              IND NAME:MARK GUNDRUM TRN: 3083047105TC",335.09,ACH_CREDIT,1111.93,,
DEBIT,11/03/2025,"ORIG CO NAME:Wise Inc               ORIG ID:9453233521 DESC DATE:251103 CO ENTRY DESCR:WISE      SEC:CCD    TRACE#:021000020516553 EED:251103   IND ID:TrnWise                      IND NAME:KuriosBrand LLC                                                                                              82556739 TRN: 3070516553TC",-50.09,MISC_DEBIT,776.84,,
DEBIT,11/03/2025,"ORIG CO NAME:AFFIRM.COM PAYME       ORIG ID:1800948598 DESC DATE:       CO ENTRY DESCR:AFFIRM.COMSEC:WEB    TRACE#:091000013302534 EED:251103   IND ID:ST-W8L3R2N1W1F7              IND NAME:MARK GUNDRUM TRN: 3073302534TC",-179.65,ACH_DEBIT,826.93,,
DEBIT,11/03/2025,"ORIG CO NAME:CHASE CREDIT CRD       ORIG ID:4760039224 DESC DATE:251031 CO ENTRY DESCR:AUTOPAYBUSSEC:PPD    TRACE#:021000025115351 EED:251103   IND ID:                             IND NAME:GUNDRUM MARK D TRN: 3075115351TC",-102.00,ACH_DEBIT,1006.58,,
DEBIT,11/03/2025,"SAFETYWING SAFETYWING.CO CA                  11/02",-66.28,DEBIT_CARD,1108.58,,
DEBIT,11/03/2025,"GOOGLE *ADS270066549 cc@google.com CA        11/01",-110.83,DEBIT_CARD,1174.86,,
DEBIT,11/03/2025,"GOOGLE *ADS801622434 cc@google.com CA        11/01",-88.89,DEBIT_CARD,1285.69,,
DEBIT,11/03/2025,"UNBOUNCE* TRIAL BUILD UNBOUNCE.COM CO        11/01",-99.00,DEBIT_CARD,1374.58,,
DEBIT,10/31/2025,"MONTHLY SERVICE FEE",-15.00,FEE_TRANSACTION,1473.58,,
DEBIT,10/31/2025,"Online Transfer to CHK ...0068 transaction#: 26789657942 10/31",-100.00,ACCT_XFER,1488.58,,
DEBIT,10/31/2025,"Online Transfer to CHK ...0068 transaction#: 26789639804 10/31",-100.00,ACCT_XFER,1588.58,,
DEBIT,10/31/2025,"Online Transfer to CHK ...0068 transaction#: 26784180634 10/31",-200.00,ACCT_XFER,1688.58,,
DEBIT,10/31/2025,"APPLE COM BILL CUPERTINO CA          965464  10/31",-12.59,DEBIT_CARD,1888.58,,
CREDIT,10/31/2025,"Online Transfer from SAV ...7036 transaction#: 26789647995",150.00,ACCT_XFER,1901.17,,
CREDIT,10/31/2025,"ORIG CO NAME:STRIPE                 ORIG ID:4270465600 DESC DATE:       CO ENTRY DESCR:TRANSFER  SEC:CCD    TRACE#:111000024630321 EED:251031   IND ID:ST-Y4C6J5V0L1S3              IND NAME:MARK GUNDRUM TRN: 3044630321TC",480.70,ACH_CREDIT,1751.17,,
DEBIT,10/30/2025,"Online Transfer to CHK ...0068 transaction#: 26768744687 10/30",-200.00,ACCT_XFER,1270.47,,
DEBIT,10/30/2025,"GOOGLE *ADS801622434 cc@google.com CA        10/30",-50.00,DEBIT_CARD,1470.47,,
CREDIT,10/30/2025,"ORIG CO NAME:STRIPE                 ORIG ID:4270465600 DESC DATE:       CO ENTRY DESCR:TRANSFER  SEC:CCD    TRACE#:111000022600520 EED:251030   IND ID:ST-J6Q0S4I8N3L2              IND NAME:MARK GUNDRUM TRN: 3032600520TC",180.45,ACH_CREDIT,1520.47,,
DEBIT,10/29/2025,"Online Transfer to CHK ...0068 transaction#: 26759294255 10/29",-200.00,ACCT_XFER,1340.02,,
DEBIT,10/29/2025,"HIGGSFIELD INC. WWW.HIGGSFIEL CA             10/29",-208.80,DEBIT_CARD,1540.02,,
DEBIT,10/29/2025,"TradingViewV*Product Westerville OH          10/28",-16.95,DEBIT_CARD,1748.82,,
DEBIT,10/29/2025,"HIGHLEVEL INC. GOHIGHLEVEL.C TX              10/28",-10.00,DEBIT_CARD,1765.77,,
DEBIT,10/28/2025,"GOOGLE *ADS801622434 cc@google.com CA        10/27",-10.00,DEBIT_CARD,1775.77,,
CREDIT,10/28/2025,"ORIG CO NAME:STRIPE                 ORIG ID:4270465600 DESC DATE:       CO ENTRY DESCR:TRANSFER  SEC:CCD    TRACE#:111000027266169 EED:251028   IND ID:ST-Q0C2I3R8J9T3              IND NAME:MARK GUNDRUM TRN: 3017266169TC",577.80,ACH_CREDIT,1785.77,,
DEBIT,10/27/2025,"Online Transfer to  CHK ...0068 transaction#: 26536154859 10/27",-350.00,ACCT_XFER,1207.97,,
DEBIT,10/27/2025,"Online Transfer to CHK ...0068 transaction#: 26725031932 10/27",-100.00,ACCT_XFER,1557.97,,
DEBIT,10/27/2025,"Online Transfer to CHK ...0068 transaction#: 26725014498 10/27",-100.00,ACCT_XFER,1657.97,,
DEBIT,10/27/2025,"Online Transfer to CHK ...0068 transaction#: 26721360265 10/27",-550.00,ACCT_XFER,1757.97,,
DEBIT,10/23/2025,"Online Transfer to CHK ...0068 transaction#: 26688830906 10/23",-300.00,ACCT_XFER,2307.97,,
CREDIT,10/23/2025,"ORIG CO NAME:STRIPE                 ORIG ID:4270465600 DESC DATE:       CO ENTRY DESCR:TRANSFER  SEC:CCD    TRACE#:111000025470161 EED:251023   IND ID:ST-T0A2C7T4F5Q9              IND NAME:MARK GUNDRUM TRN: 2965470161TC",475.20,ACH_CREDIT,2607.97,,
DEBIT,10/21/2025,"FOREIGN EXCHANGE RATE ADJUSTMENT FEE         10/20META WAVE",-0.19,FEE_TRANSACTION,2132.77,,
DEBIT,10/21/2025,"Online Transfer to CHK ...0068 transaction#: 26668899149 10/21",-400.00,ACCT_XFER,2132.96,,
DEBIT,10/21/2025,"ORIG CO NAME:Credit Strong          ORIG ID:5122002794 DESC DATE:102125 CO ENTRY DESCR:CSTR PAYMTSEC:WEB    TRACE#:114994035064559 EED:251021   IND ID:2481225                      IND NAME:Mark Gundrum TRN: 2945064559TC",-90.00,MISC_DEBIT,2532.96,,
DEBIT,10/21/2025,"META WAVE SOLUTIONS WYRA                     10/20 IN Rupee   576.45 X 0.01139735 (EXCHG RTE)",-6.57,DEBIT_CARD,2622.96,,
CREDIT,10/21/2025,"ORIG CO NAME:STRIPE                 ORIG ID:4270465600 DESC DATE:       CO ENTRY DESCR:TRANSFER  SEC:CCD    TRACE#:111000025070890 EED:251021   IND ID:ST-B8A8H8Y2G8L2              IND NAME:MARK GUNDRUM TRN: 2945070890TC",910.90,ACH_CREDIT,2629.53,,
CREDIT,10/21/2025,"Zelle payment from ACI ENTERPRISE, LLC WFCT0ZDRKBFZ",1000.00,PARTNERFI_TO_CHASE,1718.63,,
DEBIT,10/20/2025,"HIGHLEVEL INC. GOHIGHLEVEL.C TX              10/19",-100.00,DEBIT_CARD,718.63,,
DEBIT,10/20/2025,"Online Transfer to CHK ...0068 transaction#: 26637905342 10/20",-200.00,ACCT_XFER,818.63,,
DEBIT,10/15/2025,"Online Transfer to CHK ...0068 transaction#: 26595578932 10/15",-200.00,ACCT_XFER,1018.63,,
DEBIT,10/15/2025,"APPLE COM BILL CUPERTINO CA          482334  10/15",-9.99,DEBIT_CARD,1218.63,,
DEBIT,10/15/2025,"APPLE.COM/BILL 866-712-7753 CA               10/15",-1.05,DEBIT_CARD,1228.62,,
CREDIT,10/15/2025,"ORIG CO NAME:STRIPE                 ORIG ID:4270465600 DESC DATE:       CO ENTRY DESCR:TRANSFER  SEC:CCD    TRACE#:111000027047641 EED:251015   IND ID:ST-H7U8C7Z6K7G7              IND NAME:MARK GUNDRUM TRN: 2887047641TC",240.70,ACH_CREDIT,1229.67,,
DEBIT,10/14/2025,"FOREIGN EXCHANGE RATE ADJUSTMENT FEE         10/12FS *nuroa",-3.03,FEE_TRANSACTION,988.97,,
DEBIT,10/14/2025,"TMOBILE*AUTO PAY 800-937-8997 WA             10/13",-55.36,DEBIT_CARD,992.00,,
DEBIT,10/14/2025,"Online Transfer to CHK ...0068 transaction#: 26572291421 10/14",-550.00,ACCT_XFER,1047.36,,
DEBIT,10/14/2025,"Online Transfer to CHK ...0068 transaction#: 26565077347 10/14",-150.00,ACCT_XFER,1597.36,,
DEBIT,10/14/2025,"SWEETWATER SOUND 260-432-8176 IN             10/12",-103.95,DEBIT_CARD,1747.36,,
DEBIT,10/14/2025,"FS *nuroaudio fsprg.nl                       10/12 CO Peso    394209.22 X 0.000256742 (EXCHG RTE)",-101.21,DEBIT_CARD,1851.31,,
DEBIT,10/10/2025,"ORIG CO NAME:SELF LENDER INC        ORIG ID:473596202  DESC DATE:       CO ENTRY DESCR:PAYMENTS  SEC:WEB    TRACE#:096001011995618 EED:251010   IND ID:121326868                    IND NAME:MARK GUNDRUM TRN: 2831995618TC",-48.00,MISC_DEBIT,1952.52,,
DEBIT,10/10/2025,"Online Transfer to CHK ...0068 transaction#: 26543597336 10/10",-129.00,ACCT_XFER,2000.52,,
DEBIT,10/10/2025,"Online Transfer to  CHK ...0068 transaction#: 26390996274 10/10",-350.00,ACCT_XFER,2129.52,,
CREDIT,10/09/2025,"ORIG CO NAME:STRIPE                 ORIG ID:4270465600 DESC DATE:       CO ENTRY DESCR:TRANSFER  SEC:CCD    TRACE#:111000024952250 EED:251009   IND ID:ST-Z0R0J8X3Y7D3              IND NAME:MARK GUNDRUM TRN: 2824952250TC",361.19,ACH_CREDIT,2479.52,,
DEBIT,10/08/2025,"Online Transfer to CHK ...0068 transaction#: 26513637029 10/08",-200.00,ACCT_XFER,2118.33,,
DEBIT,10/08/2025,"FLOWITH.IO FLOWITH.IO CO                     10/07",-19.90,DEBIT_CARD,2318.33,,
DEBIT,10/08/2025,"COBRAND.COM PORTSMOUTH NH                    10/07",85.00,DEBIT_CARD,2338.23,,
DEBIT,10/07/2025,"Online Transfer to CHK ...0068 transaction#: 26504276981 10/07",-300.00,ACCT_XFER,2253.23,,
DEBIT,10/07/2025,"APPLE.COM/BILL 866-712-7753 CA               10/07",-20.99,DEBIT_CARD,2553.23,,
CREDIT,10/07/2025,"ORIG CO NAME:STRIPE                 ORIG ID:4270465600 DESC DATE:       CO ENTRY DESCR:TRANSFER  SEC:CCD    TRACE#:111000023008837 EED:251007   IND ID:ST-V9B1Z8D8V6G2              IND NAME:MARK GUNDRUM TRN: 2803008837TC",577.80,ACH_CREDIT,2574.22,,
CREDIT,10/07/2025,"Zelle payment from ACI ENTERPRISE, LLC WFCT0ZCC3RGD",1000.00,PARTNERFI_TO_CHASE,1996.42,,
DEBIT,10/06/2025,"ORIG CO NAME:PAYPAL                 ORIG ID:PAYPALSI77 DESC DATE:251005 CO ENTRY DESCR:INST XFER SEC:WEB    TRACE#:091000012748873 EED:251006   IND ID:RECORDLABEL                  IND NAME:MARK GUNDRUM                                                                                                 INSTANT TRANSFER TRN: 2792748873TC",-200.00,MISC_DEBIT,996.42,,
DEBIT,10/06/2025,"HIGHLEVEL AGENCY SUB GOHIGHLEVEL.C TX        10/06",-297.00,DEBIT_CARD,1196.42,,
DEBIT,10/06/2025,"COBRAND.COM COBRAND.COM NH                   10/05",-85.00,DEBIT_CARD,1493.42,,
DEBIT,10/06/2025,"SAFETYWING SAFETYWING.CO CA                  10/05",-66.28,DEBIT_CARD,1578.42,,
DEBIT,10/06/2025,"MUSIXMATCH MILANO                            10/04",-52.01,DEBIT_CARD,1644.70,,
DEBIT,10/06/2025,"MUSIXMATCH MILANO                            10/04",-19.99,DEBIT_CARD,1696.71,,
CREDIT,10/06/2025,"Online Transfer from CHK ...0068 transaction#: 26469176472",200.00,ACCT_XFER,1716.70,,
CREDIT,10/03/2025,"ORIG CO NAME:STRIPE                 ORIG ID:4270465600 DESC DATE:       CO ENTRY DESCR:TRANSFER  SEC:CCD    TRACE#:111000027192902 EED:251003   IND ID:ST-X9M4Z4K5D1L9              IND NAME:MARK GUNDRUM TRN: 2767192902TC",96.10,ACH_CREDIT,1516.70,,
DEBIT,10/03/2025,"APPLE.COM/BILL 866-712-7753 CA               10/03",93.71,DEBIT_CARD,1420.60,,
DEBIT,10/02/2025,"ORIG CO NAME:AFFIRM INC             ORIG ID:0000317218 DESC DATE:251002 CO ENTRY DESCR:AFFIRM PAYSEC:WEB    TRACE#:021000028321341 EED:251002   IND ID:8521276                      IND NAME:Mark          *Gundrum                                                                                       855-423-3729 TRN: 2758321341TC",-179.65,ACH_DEBIT,1326.89,,
DEBIT,10/02/2025,"ORIG CO NAME:CHASE CREDIT CRD       ORIG ID:4760039224 DESC DATE:251001 CO ENTRY DESCR:AUTOPAYBUSSEC:PPD    TRACE#:021000029603706 EED:251002   IND ID:                             IND NAME:GUNDRUM MARK D TRN: 2759603706TC",-91.00,ACH_DEBIT,1506.54,,
DEBIT,10/02/2025,"ORIG CO NAME:DANIEL DANIEL          ORIG ID:770510487C DESC DATE:       CO ENTRY DESCR:IAT PAYPALSEC:WEB    TRACE#:091000011995633 EED:251002   IND ID:1045217814575                IND NAME:MARK GUNDRUM                                                                                                 IATCV TRN: 2751995633TC",-12.99,MISC_DEBIT,1597.54,,
DEBIT,10/02/2025,"ORIG CO NAME:DANIEL DANIEL          ORIG ID:770510487C DESC DATE:       CO ENTRY DESCR:IAT PAYPALSEC:WEB    TRACE#:091000011995644 EED:251002   IND ID:1045217848901                IND NAME:MARK GUNDRUM                                                                                                 IATCV TRN: 2751995644TC",-115.99,MISC_DEBIT,1610.53,,
CREDIT,10/02/2025,"ORIG CO NAME:STRIPE                 ORIG ID:4270465600 DESC DATE:       CO ENTRY DESCR:TRANSFER  SEC:CCD    TRACE#:111000029652185 EED:251002   IND ID:ST-N6H0W3Q2P9M0              IND NAME:MARK GUNDRUM TRN: 2759652185TC",361.19,ACH_CREDIT,1726.52,,
DEBIT,10/01/2025,"Online Transfer to CHK ...0068 transaction#: 26419103127 10/01",-200.00,ACCT_XFER,1365.33,,
DEBIT,09/30/2025,"MONTHLY SERVICE FEE",-15.00,FEE_TRANSACTION,1565.33,,
DEBIT,09/30/2025,"CASH APP*EMILY BRADFORD Oakland CA           09/30",-10.00,DEBIT_CARD,1580.33,,
DEBIT,09/30/2025,"APPLE.COM/BILL 866-712-7753 CA               09/29",-94.49,DEBIT_CARD,1590.33,,
CREDIT,09/30/2025,"Online Transfer from CHK ...0068 transaction#: 26400841939",300.00,ACCT_XFER,1684.82,,
CREDIT,09/30/2025,"ORIG CO NAME:STRIPE                 ORIG ID:4270465600 DESC DATE:       CO ENTRY DESCR:TRANSFER  SEC:CCD    TRACE#:111000026023636 EED:250930   IND ID:ST-Q4D3V4G7B1B5              IND NAME:MARK GUNDRUM TRN: 2736023636TC",577.80,ACH_CREDIT,1384.82,,
DEBIT,09/29/2025,"HIGHLEVEL INC. GOHIGHLEVEL.C TX              09/29",-100.00,DEBIT_CARD,807.02,,
DEBIT,09/29/2025,"APPLE.COM/BILL 866-712-7753 CA               09/29",-16.78,DEBIT_CARD,907.02,,
DEBIT,09/29/2025,"Online Transfer to  CHK ...0068 transaction#: 26230783216 09/29",-350.00,ACCT_XFER,923.80,,
DEBIT,09/29/2025,"Online Transfer to CHK ...0068 transaction#: 26388582240 09/29",-400.00,ACCT_XFER,1273.80,,
DEBIT,09/29/2025,"TradingViewV*Product Westerville OH          09/28",-16.95,DEBIT_CARD,1673.80,,
DEBIT,09/29/2025,"HIGHLEVEL INC. GOHIGHLEVEL.C TX              09/28",-10.00,DEBIT_CARD,1690.75,,
DEBIT,09/29/2025,"Online Transfer to CHK ...0068 transaction#: 26371802447 09/29",-300.00,ACCT_XFER,1700.75,,
DEBIT,09/26/2025,"Online Transfer to CHK ...0068 transaction#: 26358091641 09/26",-287.00,ACCT_XFER,2000.75,,
CREDIT,09/26/2025,"ORIG CO NAME:STRIPE                 ORIG ID:4270465600 DESC DATE:       CO ENTRY DESCR:TRANSFER  SEC:CCD    TRACE#:111000023915923 EED:250926   IND ID:ST-O9M8V3X4Z3F1              IND NAME:MARK GUNDRUM TRN: 2693915923TC",359.32,ACH_CREDIT,2287.75,,
DEBIT,09/24/2025,"Online Transfer to CHK ...0068 transaction#: 26336809431 09/24",-700.00,ACCT_XFER,1928.43,,
CREDIT,09/24/2025,"ORIG CO NAME:STRIPE                 ORIG ID:4270465600 DESC DATE:       CO ENTRY DESCR:TRANSFER  SEC:CCD    TRACE#:111000026264456 EED:250924   IND ID:ST-R6C6E6G9E6P1              IND NAME:MARK GUNDRUM TRN: 2676264456TC",337.80,ACH_CREDIT,2628.43,,
CREDIT,09/24/2025,"Zelle payment from ACI ENTERPRISE, LLC WFCT0Z9TFKQR",1000.00,PARTNERFI_TO_CHASE,2290.63,,
DEBIT,09/23/2025,"Online Transfer to CHK ...0068 transaction#: 26323750863 09/23",-200.00,ACCT_XFER,1290.63,,
DEBIT,09/23/2025,"ORIG CO NAME:Credit Strong          ORIG ID:5122002794 DESC DATE:092325 CO ENTRY DESCR:CSTR PAYMTSEC:WEB    TRACE#:114994034295933 EED:250923   IND ID:2400271                      IND NAME:Mark Gundrum TRN: 2664295933TC",-90.00,MISC_DEBIT,1490.63,,
DEBIT,09/23/2025,"APPLE.COM/BILL 866-712-7753 CA               09/23",-17.84,DEBIT_CARD,1580.63,,
CREDIT,09/23/2025,"ORIG CO NAME:STRIPE                 ORIG ID:4270465600 DESC DATE:       CO ENTRY DESCR:TRANSFER  SEC:CCD    TRACE#:111000024306700 EED:250923   IND ID:ST-I9V8S5U4H0H5              IND NAME:MARK GUNDRUM TRN: 2664306700TC",242.45,ACH_CREDIT,1598.47,,
DEBIT,09/22/2025,"Online Transfer to CHK ...0068 transaction#: 26319487126 09/22",-200.00,ACCT_XFER,1356.02,,
DEBIT,09/22/2025,"Online Transfer to CHK ...0068 transaction#: 26319462655 09/22",-200.00,ACCT_XFER,1556.02,,
CREDIT,09/22/2025,"ORIG CO NAME:STRIPE                 ORIG ID:4270465600 DESC DATE:       CO ENTRY DESCR:TRANSFER  SEC:CCD    TRACE#:111000024810390 EED:250922   IND ID:ST-I2P7V8I6P6C8              IND NAME:MARK GUNDRUM TRN: 2654810390TC",188.00,ACH_CREDIT,1756.02,,
DEBIT,09/18/2025,"Online Transfer to CHK ...0068 transaction#: 26267989100 09/18",-200.00,ACCT_XFER,1568.02,,
CREDIT,09/17/2025,"ORIG CO NAME:STRIPE                 ORIG ID:4270465600 DESC DATE:       CO ENTRY DESCR:TRANSFER  SEC:CCD    TRACE#:111000024128210 EED:250917   IND ID:ST-P1Q0M2C8B7K5              IND NAME:MARK GUNDRUM TRN: 2604128210TC",361.95,ACH_CREDIT,1768.02,,
CREDIT,09/16/2025,"ORIG CO NAME:STRIPE                 ORIG ID:4270465600 DESC DATE:       CO ENTRY DESCR:TRANSFER  SEC:CCD    TRACE#:111000023948309 EED:250916   IND ID:ST-M1H5E9R7Y6L5              IND NAME:MARK GUNDRUM TRN: 2593948309TC",572.72,ACH_CREDIT,1406.07,,
DEBIT,09/15/2025,"ORIG CO NAME:Wise Inc               ORIG ID:9453233521 DESC DATE:250915 CO ENTRY DESCR:WISE      SEC:CCD    TRACE#:021000026187393 EED:250915   IND ID:TrnWise                      IND NAME:KuriosBrand LLC                                                                                              79314505 TRN: 2586187393TC",-300.51,MISC_DEBIT,833.35,,
DEBIT,09/15/2025,"Online Transfer to  CHK ...0068 transaction#: 26021256555 09/15",-350.00,ACCT_XFER,1133.86,,
DEBIT,09/15/2025,"APPLE.COM/BILL 866-712-7753 CA               09/15",-9.99,DEBIT_CARD,1483.86,,
DEBIT,09/15/2025,"TMOBILE*AUTO PAY 800-937-8997 WA             09/13",-55.36,DEBIT_CARD,1493.85,,
DEBIT,09/12/2025,"Online Transfer to CHK ...0068 transaction#: 26203762306 09/12",-200.00,ACCT_XFER,1549.21,,
DEBIT,09/11/2025,"Online Transfer to CHK ...0068 transaction#: 26185155875 09/11",-100.00,ACCT_XFER,1749.21,,
DEBIT,09/11/2025,"SAFETYWING SAFETYWING.CO CA                  09/11",-66.28,DEBIT_CARD,1849.21,,
CREDIT,09/11/2025,"ORIG CO NAME:STRIPE                 ORIG ID:4270465600 DESC DATE:       CO ENTRY DESCR:TRANSFER  SEC:CCD    TRACE#:111000028872334 EED:250911   IND ID:ST-Q3R5Z5M2Y4I2              IND NAME:MARK GUNDRUM TRN: 2548872334TC",335.35,ACH_CREDIT,1915.49,,
DEBIT,09/10/2025,"ORIG CO NAME:SELF LENDER INC        ORIG ID:473596202  DESC DATE:       CO ENTRY DESCR:PAYMENTS  SEC:WEB    TRACE#:096001018540360 EED:250910   IND ID:120129228                    IND NAME:MARK GUNDRUM TRN: 2538540360TC",-48.00,MISC_DEBIT,1580.14,,
DEBIT,09/10/2025,"Online Transfer to CHK ...0068 transaction#: 26171877533 09/10",-800.00,ACCT_XFER,1628.14,,
CREDIT,09/10/2025,"ORIG CO NAME:STRIPE                 ORIG ID:4270465600 DESC DATE:       CO ENTRY DESCR:TRANSFER  SEC:CCD    TRACE#:111000022091221 EED:250910   IND ID:ST-W8T7D7S5R8N9              IND NAME:MARK GUNDRUM TRN: 2532091221TC",347.20,ACH_CREDIT,2428.14,,
DEBIT,09/09/2025,"Online Transfer to CHK ...0068 transaction#: 26165588619 09/09",-600.00,ACCT_XFER,2080.94,,
DEBIT,09/09/2025,"HIGHLEVEL INC. GOHIGHLEVEL.C TX              09/09",-100.00,DEBIT_CARD,2680.94,,
CREDIT,09/09/2025,"ORIG CO NAME:STRIPE                 ORIG ID:4270465600 DESC DATE:       CO ENTRY DESCR:TRANSFER  SEC:CCD    TRACE#:111000027184241 EED:250909   IND ID:ST-W7Z9B8A9Z7H4              IND NAME:MARK GUNDRUM TRN: 2527184241TC",236.70,ACH_CREDIT,2780.94,,
CREDIT,09/09/2025,"ORIG CO NAME:WELLS FARGO IFI        ORIG ID:INTFITRVOS DESC DATE:090825 CO ENTRY DESCR:DDA TO DDASEC:WEB    TRACE#:091000017171867 EED:250909   IND ID:F20TSJR7JZ                   IND NAME:MARK GUNDRUM TRN: 2527171867TC",950.00,ACH_CREDIT,2544.24,,
DEBIT,09/08/2025,"Online Transfer to CHK ...0068 transaction#: 26155989691 09/08",-300.00,ACCT_XFER,1594.24,,
DEBIT,09/08/2025,"Online Transfer to CHK ...0068 transaction#: 26151536138 09/08",-200.00,ACCT_XFER,1894.24,,
DEBIT,09/08/2025,"FLOWITH.IO FLOWITH.IO CO                     09/07",-19.90,DEBIT_CARD,2094.24,,
DEBIT,09/08/2025,"HIGHLEVEL AGENCY SUB GOHIGHLEVEL.C TX        09/06",-297.00,DEBIT_CARD,2114.14,,
DEBIT,09/08/2025,"COBRAND.COM COBRAND.COM NH                   09/05",-85.00,DEBIT_CARD,2411.14,,
CREDIT,09/08/2025,"Online Transfer from SAV ...7036 transaction#: 26151512454",200.00,ACCT_XFER,2496.14,,
CREDIT,09/08/2025,"Zelle payment from David Monter Tolentino BBT333601314",375.00,PARTNERFI_TO_CHASE,2296.14,,
CREDIT,09/08/2025,"Zelle payment from ACI ENTERPRISE, LLC WFCT0Z88CW2R",1000.00,PARTNERFI_TO_CHASE,1921.14,,
DEBIT,09/04/2025,"Online Transfer to CHK ...0068 transaction#: 26100684310 09/04",-100.00,ACCT_XFER,921.14,,
DEBIT,09/04/2025,"Online Transfer to CHK ...0068 transaction#: 26100633586 09/04",-200.00,ACCT_XFER,1021.14,,
DEBIT,09/04/2025,"Online Transfer to CHK ...0068 transaction#: 26099908200 09/04",-200.00,ACCT_XFER,1221.14,,
CREDIT,09/04/2025,"Online Transfer from SAV ...7036 transaction#: 26100605884",200.00,ACCT_XFER,1421.14,,
CREDIT,09/03/2025,"ORIG CO NAME:STRIPE                 ORIG ID:4270465600 DESC DATE:       CO ENTRY DESCR:TRANSFER  SEC:CCD    TRACE#:111000028165758 EED:250903   IND ID:ST-H7Q1C0T4B6J9              IND NAME:MARK GUNDRUM TRN: 2468165758TC",575.35,ACH_CREDIT,1221.14,,
DEBIT,09/02/2025,"ORIG CO NAME:AFFIRM INC             ORIG ID:0000317218 DESC DATE:250902 CO ENTRY DESCR:AFFIRM PAYSEC:WEB    TRACE#:021000026837232 EED:250902   IND ID:6944061                      IND NAME:Mark          *Gundrum                                                                                       855-423-3729 TRN: 2456837232TC",-179.65,ACH_DEBIT,645.79,,
DEBIT,09/02/2025,"ORIG CO NAME:CHASE CREDIT CRD       ORIG ID:4760039224 DESC DATE:250901 CO ENTRY DESCR:AUTOPAYBUSSEC:PPD    TRACE#:021000024870973 EED:250902   IND ID:                             IND NAME:GUNDRUM MARK D TRN: 2454870973TC",-76.00,ACH_DEBIT,825.44,,
DEBIT,09/02/2025,"Zelle payment to ROSS YENERICH JPM99bljak3f",-12.50,CHASE_TO_PARTNERFI,901.44,,
DEBIT,08/29/2025,"MONTHLY SERVICE FEE",-15.00,FEE_TRANSACTION,913.94,,
DEBIT,08/29/2025,"Online Transfer to  CHK ...0068 transaction#: 25893423870 08/29",-350.00,ACCT_XFER,928.94,,
DEBIT,08/28/2025,"TradingViewV*Product Westerville OH          08/28",-16.95,DEBIT_CARD,1278.94,,
DEBIT,08/28/2025,"Online Transfer to CHK ...0068 transaction#: 26007376546 08/28",-200.00,ACCT_XFER,1295.89,,
DEBIT,08/28/2025,"ORIG CO NAME:TRIWEST                ORIG ID:4860813402 DESC DATE:       CO ENTRY DESCR:TRICARE PMSEC:PPD    TRACE#:091000013405512 EED:250828   IND ID:                             IND NAME:MARK GUNDRUM TRN: 2403405512TC",-404.39,ACH_DEBIT,1495.89,,
CREDIT,08/28/2025,"ORIG CO NAME:STRIPE                 ORIG ID:4270465600 DESC DATE:       CO ENTRY DESCR:TRANSFER  SEC:CCD    TRACE#:111000023419386 EED:250828   IND ID:ST-Q4J8F8U7E6X9              IND NAME:MARK GUNDRUM TRN: 2403419386TC",708.39,ACH_CREDIT,1900.28,,
DEBIT,08/27/2025,"Online Realtime Transfer to Taxes  3485 transaction#: 26002503059 reference#: 9002503059RX 08/27",-200.00,ACCT_XFER,1191.89,,
DEBIT,08/27/2025,"Online Transfer to CHK ...0068 transaction#: 26002495137 08/27",-200.00,ACCT_XFER,1391.89,,
DEBIT,08/26/2025,"Online Transfer to CHK ...0068 transaction#: 25989545206 08/26",-1000.00,ACCT_XFER,1591.89,,
CREDIT,08/26/2025,"ORIG CO NAME:STRIPE                 ORIG ID:4270465600 DESC DATE:       CO ENTRY DESCR:TRANSFER  SEC:CCD    TRACE#:111000024941081 EED:250826   IND ID:ST-J0S7P7E2Z3J0              IND NAME:MARK GUNDRUM TRN: 2384941081TC",582.00,ACH_CREDIT,2591.89,,
CREDIT,08/26/2025,"Zelle payment from ACI ENTERPRISE, LLC WFCT0Z6TY6M5",1000.00,PARTNERFI_TO_CHASE,2009.89,,
DEBIT,08/25/2025,"Online Transfer to CHK ...0068 transaction#: 25973303864 08/25",-330.00,ACCT_XFER,1009.89,,
DEBIT,08/25/2025,"Online Transfer to CHK ...0068 transaction#: 25961044525 08/25",-100.00,ACCT_XFER,1339.89,,
DEBIT,08/25/2025,"Online Transfer to CHK ...0068 transaction#: 25960288126 08/25",-150.00,ACCT_XFER,1439.89,,
DEBIT,08/25/2025,"X CORP. PAID FEATURES ABOUT.X.COM TX         08/23",-40.00,DEBIT_CARD,1589.89,,
CREDIT,08/25/2025,"ORIG CO NAME:STRIPE                 ORIG ID:4270465600 DESC DATE:       CO ENTRY DESCR:TRANSFER  SEC:CCD    TRACE#:111000023109478 EED:250825   IND ID:ST-H7B3F9T0O5I6              IND NAME:MARK GUNDRUM TRN: 2373109478TC",354.54,ACH_CREDIT,1629.89,,
DEBIT,08/22/2025,"Online Transfer to CHK ...0068 transaction#: 25947246716 08/22",-200.00,ACCT_XFER,1275.35,,
DEBIT,08/22/2025,"Online Transfer to CHK ...0068 transaction#: 25947245094 08/22",-200.00,ACCT_XFER,1475.35,,
DEBIT,08/21/2025,"Online Transfer to CHK ...0068 transaction#: 25929728385 08/21",-600.00,ACCT_XFER,1675.35,,
DEBIT,08/21/2025,"HIGHLEVEL INC. GOHIGHLEVEL.C TX              08/21",-100.00,DEBIT_CARD,2275.35,,
DEBIT,08/21/2025,"ORIG CO NAME:Credit Strong          ORIG ID:5122002794 DESC DATE:082125 CO ENTRY DESCR:CSTR PAYMTSEC:WEB    TRACE#:114994035616265 EED:250821   IND ID:2314335                      IND NAME:Mark Gundrum TRN: 2335616265TC",-90.00,MISC_DEBIT,2375.35,,
CREDIT,08/21/2025,"ORIG CO NAME:STRIPE                 ORIG ID:4270465600 DESC DATE:       CO ENTRY DESCR:TRANSFER  SEC:CCD    TRACE#:111000025624246 EED:250821   IND ID:ST-G8C5I2O8J9X4              IND NAME:MARK GUNDRUM TRN: 2335624246TC",708.39,ACH_CREDIT,2465.35,,
CREDIT,08/19/2025,"ORIG CO NAME:STRIPE                 ORIG ID:4270465600 DESC DATE:       CO ENTRY DESCR:TRANSFER  SEC:CCD    TRACE#:111000026340034 EED:250819   IND ID:ST-N1L5R8T8N7O7              IND NAME:MARK GUNDRUM TRN: 2316340034TC",582.00,ACH_CREDIT,1756.96,,
DEBIT,08/18/2025,"Online Transfer to  CHK ...0068 transaction#: 25728133277 08/18",-350.00,ACCT_XFER,1174.96,,
DEBIT,08/18/2025,"Online Transfer to CHK ...0068 transaction#: 25886593753 08/18",-200.00,ACCT_XFER,1524.96,,
DEBIT,08/18/2025,"Online Transfer to CHK ...0068 transaction#: 25886592168 08/18",-200.00,ACCT_XFER,1724.96,,
DEBIT,08/18/2025,"APPLE.COM/BILL 866-712-7753 CA               08/15",-9.99,DEBIT_CARD,1924.96,,
CREDIT,08/18/2025,"ORIG CO NAME:STRIPE                 ORIG ID:4270465600 DESC DATE:       CO ENTRY DESCR:TRANSFER  SEC:CCD    TRACE#:111000022629802 EED:250818   IND ID:ST-D6S5G3W9D5M7              IND NAME:MARK GUNDRUM TRN: 2302629802TC",354.54,ACH_CREDIT,1934.95,,
DEBIT,08/14/2025,"Online Transfer to CHK ...0068 transaction#: 25853076360 08/14",-400.00,ACCT_XFER,1580.41,,
DEBIT,08/14/2025,"Online Transfer to CHK ...0068 transaction#: 25852301038 08/14",-200.00,ACCT_XFER,1980.41,,
CREDIT,08/14/2025,"ORIG CO NAME:STRIPE                 ORIG ID:4270465600 DESC DATE:       CO ENTRY DESCR:TRANSFER  SEC:CCD    TRACE#:111000025362223 EED:250814   IND ID:ST-S6E7I3F1F2E3              IND NAME:MARK GUNDRUM TRN: 2265362223TC",706.52,ACH_CREDIT,2180.41,,
DEBIT,08/13/2025,"TMOBILE*AUTO PAY 800-937-8997 WA             08/13",-55.36,DEBIT_CARD,1473.89,,
DEBIT,08/12/2025,"Online Transfer to CHK ...0068 transaction#: 25827409548 08/12",-600.00,ACCT_XFER,1529.25,,
DEBIT,08/12/2025,"Online Transfer to CHK ...0068 transaction#: 25825567955 08/12",-200.00,ACCT_XFER,2129.25,,
CREDIT,08/12/2025,"ORIG CO NAME:STRIPE                 ORIG ID:4270465600 DESC DATE:       CO ENTRY DESCR:TRANSFER  SEC:CCD    TRACE#:111000024649396 EED:250812   IND ID:ST-Z4O5Q8L4C7B1              IND NAME:MARK GUNDRUM TRN: 2244649396TC",572.72,ACH_CREDIT,2329.25,,
CREDIT,08/12/2025,"Zelle payment from ACI ENTERPRISE, LLC WFCT0Z5GBGV8",1000.00,PARTNERFI_TO_CHASE,1756.53,,
DEBIT,08/11/2025,"ORIG CO NAME:SELF LENDER INC        ORIG ID:473596202  DESC DATE:       CO ENTRY DESCR:PAYMENTS  SEC:WEB    TRACE#:096001011445500 EED:250811   IND ID:119033009                    IND NAME:MARK GUNDRUM TRN: 2231445500TC",-48.00,MISC_DEBIT,756.53,,
DEBIT,08/11/2025,"ORIG CO NAME:VENMO                  ORIG ID:3264681992 DESC DATE:250809 CO ENTRY DESCR:PAYMENT   SEC:WEB    TRACE#:091000014936883 EED:250811   IND ID:1044067433763                IND NAME:MARK GUNDRUM TRN: 2234936883TC",-6.00,MISC_DEBIT,804.53,,
DEBIT,08/11/2025,"Online Transfer to CHK ...0068 transaction#: 25807072202 08/11",-200.00,ACCT_XFER,810.53,,
DEBIT,08/11/2025,"CLAUDE.AI SUBSCRIPTI ANTHROPIC.COM CA        08/10",-20.00,DEBIT_CARD,1010.53,,
DEBIT,08/11/2025,"Online Transfer to CHK ...0068 transaction#: 25800953316 08/11",-200.00,ACCT_XFER,1030.53,,
DEBIT,08/11/2025,"APPLE.COM/BILL 866-712-7753 CA               08/09",-20.99,DEBIT_CARD,1230.53,,
DEBIT,08/08/2025,"Online Transfer to CHK ...0068 transaction#: 25783827091 08/08",-100.00,ACCT_XFER,1251.52,,
DEBIT,08/08/2025,"FACEBK *ZEHK4WU5Y2 650-5434800 CA            08/08",-4.09,DEBIT_CARD,1351.52,,
DEBIT,08/08/2025,"FLOWITH.IO FLOWITH.IO CO                     08/07",-19.90,DEBIT_CARD,1355.61,,
DEBIT,08/07/2025,"Online Transfer to CHK ...0068 transaction#: 25767069596 08/07",-200.00,ACCT_XFER,1375.51,,
CREDIT,08/07/2025,"ORIG CO NAME:STRIPE                 ORIG ID:4270465600 DESC DATE:       CO ENTRY DESCR:TRANSFER  SEC:CCD    TRACE#:111000023711773 EED:250807   IND ID:ST-X7F7V5J6V2Z2              IND NAME:MARK GUNDRUM TRN: 2193711773TC",711.02,ACH_CREDIT,1575.51,,
DEBIT,08/06/2025,"Online Transfer to CHK ...0068 transaction#: 25759792029 08/06",-100.00,ACCT_XFER,864.49,,
DEBIT,08/06/2025,"HIGHLEVEL AGENCY SUB GOHIGHLEVEL.C TX        08/06",-297.00,DEBIT_CARD,964.49,,
DEBIT,08/06/2025,"COBRAND.COM COBRAND.COM NH                   08/05",-85.00,DEBIT_CARD,1261.49,,
CREDIT,08/06/2025,"ORIG CO NAME:STRIPE                 ORIG ID:4270465600 DESC DATE:       CO ENTRY DESCR:TRANSFER  SEC:CCD    TRACE#:111000025359697 EED:250806   IND ID:ST-J7W2J0E7J5V7              IND NAME:MARK GUNDRUM TRN: 2185359697TC",337.80,ACH_CREDIT,1346.49,,
DEBIT,08/05/2025,"Online Realtime Transfer to Taxes  3485 transaction#: 25741972667 reference#: 9741972667RX 08/05",-200.00,ACCT_XFER,1008.69,,
DEBIT,08/05/2025,"META WAVE SOLUTIONS WYRA                     08/04",-10.50,DEBIT_CARD,1208.69,,
CREDIT,08/05/2025,"ORIG CO NAME:STRIPE                 ORIG ID:1800948598 DESC DATE:       CO ENTRY DESCR:TRANSFER  SEC:CCD    TRACE#:091000014010352 EED:250805   IND ID:ST-T2M5X6O5F8V3              IND NAME:MARK GUNDRUM TRN: 2174010352TC",230.55,ACH_CREDIT,1219.19,,
DEBIT,08/04/2025,"Online Transfer to  CHK ...0068 transaction#: 25559240158 08/04",-350.00,ACCT_XFER,988.64,,
DEBIT,08/04/2025,"ORIG CO NAME:AFFIRM INC             ORIG ID:0000317218 DESC DATE:250802 CO ENTRY DESCR:AFFIRM PAYSEC:WEB    TRACE#:021000021621350 EED:250804   IND ID:5191095                      IND NAME:Mark          *Gundrum                                                                                       855-423-3729 TRN: 2161621350TC",-179.65,ACH_DEBIT,1338.64,,
DEBIT,08/04/2025,"Online Transfer to CHK ...0068 transaction#: 25726098822 08/04",-100.00,ACCT_XFER,1518.29,,
DEBIT,08/04/2025,"BOOST MOBILE HTTPS://WWW.D CO                08/02",-76.62,DEBIT_CARD,1618.29,,
DEBIT,08/01/2025,"Online Transfer to CHK ...0068 transaction#: 25698064254 08/01",-200.00,ACCT_XFER,1694.91,,
DEBIT,08/01/2025,"Online Realtime Transfer to Taxes  3485 transaction#: 25698061984 reference#: 9698061984RX 08/01",-300.00,ACCT_XFER,1894.91,,
DEBIT,08/01/2025,"HIGHLEVEL INC. GOHIGHLEVEL.C TX              08/01",-100.00,DEBIT_CARD,2194.91,,
DEBIT,08/01/2025,"Zelle payment to ROSS YENERICH JPM99bhq3ylh",-25.00,CHASE_TO_PARTNERFI,2294.91,,
DEBIT,08/01/2025,"PAYPAL *IOTSOLUTION 402-935-7733 CA          08/01",-21.88,DEBIT_CARD,2319.91,,
DEBIT,07/31/2025,"MONTHLY SERVICE FEE",-15.00,FEE_TRANSACTION,2341.79,,
DEBIT,07/31/2025,"Online Transfer to CHK ...0068 transaction#: 25674615335 07/31",-100.00,ACCT_XFER,2356.79,,
DEBIT,07/31/2025,"Online Transfer to CHK ...0068 transaction#: 25672810360 07/31",-200.00,ACCT_XFER,2456.79,,
DEBIT,07/31/2025,"Online Transfer to CHK ...0068 transaction#: 25671763248 07/31",-300.00,ACCT_XFER,2656.79,,
DEBIT,07/31/2025,"PAYPAL *IOTSOLUTION 402-935-7733 CA          07/31",-7.00,DEBIT_CARD,2956.79,,
CREDIT,07/31/2025,"ORIG CO NAME:STRIPE                 ORIG ID:4270465600 DESC DATE:       CO ENTRY DESCR:TRANSFER  SEC:CCD    TRACE#:111000023260235 EED:250731   IND ID:ST-Y1F3P2U8S8X7              IND NAME:MARK GUNDRUM TRN: 2123260235TC",1072.97,ACH_CREDIT,2963.79,,
DEBIT,07/30/2025,"MYFICO.COM WWW.MYFICO.CO MT                  07/30",-29.95,DEBIT_CARD,1890.82,,
DEBIT,07/29/2025,"Online Transfer to CHK ...0068 transaction#: 25655076308 07/29",-200.00,ACCT_XFER,1920.77,,
DEBIT,07/29/2025,"Zelle payment to cheezit 25654447150",-50.00,QUICKPAY_DEBIT,2120.77,,
DEBIT,07/29/2025,"Online Transfer to CHK ...0068 transaction#: 25653979638 07/29",-1000.00,ACCT_XFER,2170.77,,
DEBIT,07/29/2025,"Online Transfer to CHK ...0068 transaction#: 25648251666 07/29",-300.00,ACCT_XFER,3170.77,,
CREDIT,07/29/2025,"ORIG CO NAME:STRIPE                 ORIG ID:1800948598 DESC DATE:       CO ENTRY DESCR:TRANSFER  SEC:CCD    TRACE#:091000015844793 EED:250729   IND ID:ST-O9B3G3Z7B6D4              IND NAME:MARK GUNDRUM TRN: 2105844793TC",570.10,ACH_CREDIT,3470.77,,
CREDIT,07/29/2025,"Zelle payment from ACI ENTERPRISE, LLC WFCT0Z3Y9846",1000.00,PARTNERFI_TO_CHASE,2900.67,,
DEBIT,07/28/2025,"Online Transfer to CHK ...0068 transaction#: 25630868818 07/28",-100.00,ACCT_XFER,1900.67,,
DEBIT,07/28/2025,"Online Transfer to CHK ...0068 transaction#: 25620992850 07/28",-92.00,ACCT_XFER,2000.67,,
DEBIT,07/25/2025,"Online Transfer to CHK ...0068 transaction#: 25607339812 07/25",-200.00,ACCT_XFER,2092.67,,
DEBIT,07/24/2025,"Online Transfer to CHK ...0068 transaction#: 25597651539 07/24",-200.00,ACCT_XFER,2292.67,,
DEBIT,07/24/2025,"Online Transfer to CHK ...0068 transaction#: 25591397933 07/24",-200.00,ACCT_XFER,2492.67,,
CREDIT,07/24/2025,"ORIG CO NAME:STRIPE                 ORIG ID:1800948598 DESC DATE:       CO ENTRY DESCR:TRANSFER  SEC:CCD    TRACE#:091000013004943 EED:250724   IND ID:ST-S9V3R6S2J3L8              IND NAME:MARK GUNDRUM TRN: 2053004943TC",1071.10,ACH_CREDIT,2692.67,,
DEBIT,07/23/2025,"FACEBK *MHQJWU45Y2 650-5434800 CA            07/23",-54.00,DEBIT_CARD,1621.57,,
DEBIT,07/23/2025,"X CORP. PAID FEATURES ABOUT.X.COM TX         07/23",-40.00,DEBIT_CARD,1675.57,,
DEBIT,07/22/2025,"ORIG CO NAME:Credit Strong          ORIG ID:5122002794 DESC DATE:072225 CO ENTRY DESCR:CSTR PAYMTSEC:WEB    TRACE#:114994036087754 EED:250722   IND ID:2227028                      IND NAME:Mark Gundrum TRN: 2036087754TC",-90.00,MISC_DEBIT,1715.57,,
DEBIT,07/22/2025,"CASH APP*CURTIS JONES Oakland CA             07/22",-7.00,DEBIT_CARD,1805.57,,
DEBIT,07/22/2025,"CASH APP*HEATHER AGAIN Oakland CA            07/21",-7.00,DEBIT_CARD,1812.57,,
CREDIT,07/22/2025,"ORIG CO NAME:STRIPE                 ORIG ID:1800948598 DESC DATE:       CO ENTRY DESCR:TRANSFER  SEC:CCD    TRACE#:091000010357508 EED:250722   IND ID:ST-H6M1X8L1Q1D9              IND NAME:MARK GUNDRUM TRN: 2030357508TC",958.02,ACH_CREDIT,1819.57,,
DEBIT,07/21/2025,"Zelle payment to Will Naples Reviewee JPM99bgjn8xq",-7.00,CHASE_TO_PARTNERFI,861.55,,
DEBIT,07/21/2025,"CASH APP*MARCO DIEMER Oakland CA             07/21",-7.00,DEBIT_CARD,868.55,,
DEBIT,07/21/2025,"CASH APP*MARCO DIEMER Oakland CA             07/21",-7.00,DEBIT_CARD,875.55,,
DEBIT,07/21/2025,"Online Transfer to  CHK ...0068 transaction#: 25396242582 07/21",-350.00,ACCT_XFER,882.55,,
DEBIT,07/21/2025,"ORIG CO NAME:VENMO                  ORIG ID:3264681992 DESC DATE:250720 CO ENTRY DESCR:PAYMENT   SEC:WEB    TRACE#:091000014574856 EED:250721   IND ID:1043642469366                IND NAME:MARK GUNDRUM TRN: 2024574856TC",-13.00,MISC_DEBIT,1232.55,,
DEBIT,07/21/2025,"NUV*SERPEMPIRE LAS PALMAS DE                 07/20",-79.00,DEBIT_CARD,1245.55,,
DEBIT,07/21/2025,"Online Transfer to CHK ...0068 transaction#: 25551240423 07/21",-100.00,ACCT_XFER,1324.55,,
DEBIT,07/21/2025,"Online Transfer to CHK ...0068 transaction#: 25548524797 07/21",-100.00,ACCT_XFER,1424.55,,
DEBIT,07/21/2025,"CASH APP*MARCO DIEMER Oakland CA             07/19",-7.00,DEBIT_CARD,1524.55,,
DEBIT,07/18/2025,"ORIG CO NAME:VENMO                  ORIG ID:3264681992 DESC DATE:250717 CO ENTRY DESCR:PAYMENT   SEC:WEB    TRACE#:091000016823768 EED:250718   IND ID:1043583535382                IND NAME:MARK GUNDRUM TRN: 1996823768TC",-7.00,MISC_DEBIT,1531.55,,
DEBIT,07/18/2025,"CASH APP*MARCO DIEMER Oakland CA             07/17",-7.00,DEBIT_CARD,1538.55,,
DEBIT,07/18/2025,"INDEXSY RICHMOND BC                          07/17",-162.00,DEBIT_CARD,1545.55,,
DEBIT,07/18/2025,"CASH APP*MARCO DIEMER Oakland CA             07/17",-7.00,DEBIT_CARD,1707.55,,
DEBIT,07/18/2025,"CASH APP*MARCO DIEMER Oakland CA             07/17",-7.00,DEBIT_CARD,1714.55,,
DEBIT,07/18/2025,"PAYPAL *IOTSOLUTION 402-935-7733 CA          07/18",-27.28,DEBIT_CARD,1721.55,,
CREDIT,07/18/2025,"ORIG CO NAME:STRIPE                 ORIG ID:1800948598 DESC DATE:       CO ENTRY DESCR:TRANSFER  SEC:CCD    TRACE#:091000018566372 EED:250718   IND ID:ST-D1Y5A3K5I3I1              IND NAME:MARK GUNDRUM TRN: 1998566372TC",361.95,ACH_CREDIT,1748.83,,
DEBIT,07/17/2025,"Online Transfer to CHK ...0068 transaction#: 25521675416 07/17",-100.00,ACCT_XFER,1386.88,,
DEBIT,07/17/2025,"Zelle payment to Alexis JPM99bg2rvw2",-240.00,CHASE_TO_PARTNERFI,1486.88,,
DEBIT,07/17/2025,"Online Transfer to CHK ...0068 transaction#: 25520322116 07/17",-300.00,ACCT_XFER,1726.88,,
DEBIT,07/17/2025,"Payment to Chase card ending in 4252 07/17",-600.00,LOAN_PMT,2026.88,,
DEBIT,07/17/2025,"ORIG CO NAME:CHUI WAH EVELYN        ORIG ID:770510487C DESC DATE:       CO ENTRY DESCR:IAT PAYPALSEC:WEB    TRACE#:091000015345335 EED:250717   IND ID:1043558990537                IND NAME:MARK GUNDRUM                                                                                                 IATCV TRN: 1985345335TC",-33.70,MISC_DEBIT,2626.88,,
DEBIT,07/17/2025,"ORIG CO NAME:CHUI WAH EVELYN        ORIG ID:770510487C DESC DATE:       CO ENTRY DESCR:IAT PAYPALSEC:WEB    TRACE#:091000015345280 EED:250717   IND ID:1043558586951                IND NAME:MARK GUNDRUM                                                                                                 IATCV TRN: 1985345280TC",-33.70,MISC_DEBIT,2660.58,,
DEBIT,07/17/2025,"LOCALRANK.SO RICHMOND BC                     07/16",-210.00,DEBIT_CARD,2694.28,,
DEBIT,07/17/2025,"SIGNALS 908-6164414 NJ                       07/16",-6.99,DEBIT_CARD,2904.28,,
DEBIT,07/17/2025,"SIGNALS 908-6164414 NJ                       07/16",-20.98,DEBIT_CARD,2911.27,,
DEBIT,07/17/2025,"SIGNALS 908-6164414 NJ                       07/16",-6.99,DEBIT_CARD,2932.25,,
DEBIT,07/17/2025,"SIGNALS 908-6164414 NJ                       07/16",-20.98,DEBIT_CARD,2939.24,,
CREDIT,07/17/2025,"ORIG CO NAME:STRIPE                 ORIG ID:1800948598 DESC DATE:       CO ENTRY DESCR:TRANSFER  SEC:CCD    TRACE#:091000014138335 EED:250717   IND ID:ST-Y0H0O6I4N8G1              IND NAME:MARK GUNDRUM TRN: 1984138335TC",347.20,ACH_CREDIT,2960.22,,
CREDIT,07/17/2025,"Zelle payment from WILLARD CONSTRUCTION GROUP LLC BACm0rctjw58",1000.00,PARTNERFI_TO_CHASE,2613.02,,
DEBIT,07/16/2025,"INDEXSY RICHMOND BC                          07/15",-162.00,DEBIT_CARD,1613.02,,
DEBIT,07/15/2025,"Online Transfer to CHK ...0068 transaction#: 25496267699 07/15",-200.00,ACCT_XFER,1775.02,,
DEBIT,07/15/2025,"Payment to Chase card ending in 0678 07/15",-1000.00,LOAN_PMT,1975.02,,
DEBIT,07/15/2025,"APPLE COM BILL CUPERTINO CA          280737  07/15",-9.99,DEBIT_CARD,2975.02,,
DEBIT,07/15/2025,"al.Nord*Products 208-6388607 NY              07/15",-93.36,DEBIT_CARD,2985.01,,
CREDIT,07/15/2025,"ORIG CO NAME:STRIPE                 ORIG ID: 800948598 DESC DATE:       CO ENTRY DESCR:TRANSFER  SEC:CCD    TRACE#:043305130370276 EED:250715   IND ID:ST-Z6L8Z6G2O4J2              IND NAME:MARK GUNDRUM TRN: 1960370276TC",930.55,ACH_CREDIT,3078.37,,
CREDIT,07/15/2025,"Zelle payment from ACI ENTERPRISE, LLC WFCT0Z2LKHYK",1000.00,PARTNERFI_TO_CHASE,2147.82,,
DEBIT,07/14/2025,"Online Transfer to CHK ...0068 transaction#: 25484419688 07/14",-200.00,ACCT_XFER,1147.82,,
DEBIT,07/14/2025,"HIGHLEVEL INC. GOHIGHLEVEL.C TX              07/14",-100.00,DEBIT_CARD,1347.82,,
DEBIT,07/14/2025,"TMOBILE*AUTO PAY 800-937-8997 WA             07/13",-55.36,DEBIT_CARD,1447.82,,
DEBIT,07/14/2025,"Online Transfer to CHK ...0068 transaction#: 25465896238 07/14",-100.00,ACCT_XFER,1503.18,,
DEBIT,07/14/2025,"CASH APP*MARCO DIEMER Oakland CA             07/12",-7.00,DEBIT_CARD,1603.18,,
DEBIT,07/14/2025,"PAYPAL *IOTSOLUTION 402-935-7733 CA          07/13",-15.70,DEBIT_CARD,1610.18,,
DEBIT,07/14/2025,"Zelle payment to Will Naples Reviewee JPM99bff12sc",-7.00,CHASE_TO_PARTNERFI,1625.88,,
DEBIT,07/14/2025,"LOCALRANK.SO RICHMOND BC                     07/11",-50.00,DEBIT_CARD,1632.88,,
DEBIT,07/14/2025,"INDEXSY RICHMOND BC                          07/11",-162.00,DEBIT_CARD,1682.88,,
DEBIT,07/14/2025,"PAYPAL *IOTSOLUTION 402-935-7733 CA          07/12",-7.00,DEBIT_CARD,1844.88,,
DEBIT,07/11/2025,"Online Transfer to CHK ...0068 transaction#: 25454254386 07/11",-100.00,ACCT_XFER,1851.88,,
DEBIT,07/11/2025,"CASH APP*MARCO DIEMER Oakland CA             07/11",-7.00,DEBIT_CARD,1951.88,,
DEBIT,07/11/2025,"INDEXSY RICHMOND BC                          07/10",-180.00,DEBIT_CARD,1958.88,,
DEBIT,07/11/2025,"LOCALRANK.SO RICHMOND BC                     07/10",-50.00,DEBIT_CARD,2138.88,,
DEBIT,07/11/2025,"CLAUDE.AI SUBSCRIPTI ANTHROPIC.COM CA        07/10",-20.00,DEBIT_CARD,2188.88,,
DEBIT,07/10/2025,"ORIG CO NAME:SELF LENDER INC        ORIG ID:473596202  DESC DATE:       CO ENTRY DESCR:PAYMENTS  SEC:WEB    TRACE#:096001017067654 EED:250710   IND ID:117933216                    IND NAME:MARK GUNDRUM TRN: 1917067654TC",-48.00,MISC_DEBIT,2208.88,,
DEBIT,07/10/2025,"Payment to Chase card ending in 0678 07/10",-500.00,LOAN_PMT,2256.88,,
DEBIT,07/10/2025,"Online Transfer to CHK ...0068 transaction#: 25433142819 07/10",-200.00,ACCT_XFER,2756.88,,
DEBIT,07/10/2025,"CASH APP*MARCO DIEMER Oakland CA             07/09",-7.00,DEBIT_CARD,2956.88,,
CREDIT,07/10/2025,"ORIG CO NAME:STRIPE                 ORIG ID:4270465600 DESC DATE:       CO ENTRY DESCR:TRANSFER  SEC:CCD    TRACE#:111000022856784 EED:250710   IND ID:ST-W9V7C3M8Y9B0              IND NAME:MARK GUNDRUM TRN: 1912856784TC",1070.52,ACH_CREDIT,2963.88,,
DEBIT,07/09/2025,"Online Transfer to CHK ...0068 transaction#: 25422539591 07/09",-200.00,ACCT_XFER,1893.36,,
CREDIT,07/09/2025,"ORIG CO NAME:STRIPE                 ORIG ID:4270465600 DESC DATE:       CO ENTRY DESCR:TRANSFER  SEC:CCD    TRACE#:111000026460877 EED:250709   IND ID:ST-S0B6N5L4E3P8              IND NAME:MARK GUNDRUM TRN: 1906460877TC",580.25,ACH_CREDIT,2093.36,,
DEBIT,07/08/2025,"Online Transfer to CHK ...0068 transaction#: 25410373217 07/08",-200.00,ACCT_XFER,1513.11,,
DEBIT,07/08/2025,"FLOWITH.IO FLOWITH.IO CO                     07/07",-19.90,DEBIT_CARD,1713.11,,
DEBIT,07/08/2025,"MICROSOFT*STORE MICROSOFT.COM WA             07/07",-20.99,DEBIT_CARD,1733.01,,
CREDIT,07/08/2025,"ORIG CO NAME:STRIPE                 ORIG ID:4270465600 DESC DATE:       CO ENTRY DESCR:TRANSFER  SEC:CCD    TRACE#:111000021091642 EED:250708   IND ID:ST-G5C3J4V4R7P2              IND NAME:MARK GUNDRUM TRN: 1891091642TC",89.27,ACH_CREDIT,1754.00,,
DEBIT,07/07/2025,"Online Transfer to CHK ...0068 transaction#: 25401787285 07/07",-200.00,ACCT_XFER,1664.73,,
DEBIT,07/07/2025,"Online Transfer to  CHK ...0068 transaction#: 25226441046 07/07",-350.00,ACCT_XFER,1864.73,,
DEBIT,07/07/2025,"HIGHLEVEL AGENCY SUB GOHIGHLEVEL.C TX        07/06",-297.00,DEBIT_CARD,2214.73,,
DEBIT,07/07/2025,"Online Transfer to CHK ...0068 transaction#: 25380238471 07/07",-200.00,ACCT_XFER,2511.73,,
DEBIT,07/07/2025,"Online Transfer to CHK ...0068 transaction#: 25379825053 07/07",-100.00,ACCT_XFER,2711.73,,
CREDIT,07/07/2025,"Zelle payment from Eddy Orozco Reyes BBT319435042",350.00,PARTNERFI_TO_CHASE,2811.73,,
DEBIT,07/03/2025,"INDEXSY RICHMOND BC                          07/02",-162.00,DEBIT_CARD,2461.73,,
DEBIT,07/03/2025,"LOCALRANK.SO RICHMOND BC                     07/02",-50.00,DEBIT_CARD,2623.73,,
DEBIT,07/03/2025,"INDEXSY RICHMOND BC                          07/02",-81.00,DEBIT_CARD,2673.73,,
DEBIT,07/03/2025,"BOOST MOBILE HTTPS://WWW.D CO                07/02",-66.62,DEBIT_CARD,2754.73,,
CREDIT,07/03/2025,"ORIG CO NAME:STRIPE                 ORIG ID:1800948598 DESC DATE:       CO ENTRY DESCR:TRANSFER  SEC:CCD    TRACE#:091000011721827 EED:250703   IND ID:ST-G7H5B1H1D5O8              IND NAME:MARK GUNDRUM TRN: 1841721827TC",711.02,ACH_CREDIT,2821.35,,
DEBIT,07/01/2025,"FOREIGN EXCHANGE RATE ADJUSTMENT FEE         06/30META WAVE",-0.20,FEE_TRANSACTION,2110.33,,
DEBIT,07/01/2025,"Online Transfer to CHK ...0068 transaction#: 25332593578 07/01",-200.00,ACCT_XFER,2110.53,,
DEBIT,07/01/2025,"Payment to Chase card ending in 0678 07/01",-1000.00,LOAN_PMT,2310.53,,
DEBIT,07/01/2025,"Online Transfer to CHK ...0068 transaction#: 25320200390 07/01",-200.00,ACCT_XFER,3310.53,,
DEBIT,07/01/2025,"Zelle payment to ROSS YENERICH JPM99be3g9tj",-12.50,CHASE_TO_PARTNERFI,3510.53,,
DEBIT,07/01/2025,"META WAVE SOLUTIONS WYRA                     06/30 IN Rupee   576.45 X 0.01170960 (EXCHG RTE)",-6.75,DEBIT_CARD,3523.03,,
CREDIT,07/01/2025,"ORIG CO NAME:STRIPE                 ORIG ID:4270465600 DESC DATE:       CO ENTRY DESCR:TRANSFER  SEC:CCD    TRACE#:111000028926031 EED:250701   IND ID:ST-U3K3C3U1R8Y1              IND NAME:MARK GUNDRUM TRN: 1828926031TC",575.37,ACH_CREDIT,3529.78,,
CREDIT,07/01/2025,"Zelle payment from ACI ENTERPRISE, LLC WFCT0YZ6PZMB",1000.00,PARTNERFI_TO_CHASE,2954.41,,
DEBIT,06/30/2025,"MONTHLY SERVICE FEE",-15.00,FEE_TRANSACTION,1954.41,,
DEBIT,06/30/2025,"Online Transfer to CHK ...0068 transaction#: 25314096811 06/30",-200.00,ACCT_XFER,1969.41,,
DEBIT,06/30/2025,"Online Transfer to CHK ...0068 transaction#: 25297995141 06/30",-100.00,ACCT_XFER,2169.41,,
DEBIT,06/30/2025,"HIGHLEVEL INC. GOHIGHLEVEL.C TX              06/28",-100.00,DEBIT_CARD,2269.41,,
DEBIT,06/27/2025,"Online Transfer to CHK ...0068 transaction#: 25276252991 06/27",-300.00,ACCT_XFER,2369.41,,
DEBIT,06/27/2025,"PHOTOAI.COM SINGAPORE                        06/26",-99.00,DEBIT_CARD,2669.41,,
CREDIT,06/27/2025,"Zelle payment from WILLARD CONSTRUCTION GROUP LLC BACm5rqwes8p",1000.00,PARTNERFI_TO_CHASE,2768.41,,
CREDIT,06/26/2025,"ORIG CO NAME:STRIPE                 ORIG ID:4270465600 DESC DATE:       CO ENTRY DESCR:TRANSFER  SEC:CCD    TRACE#:111000022812423 EED:250626   IND ID:ST-U5E9B4D2B3N9              IND NAME:MARK GUNDRUM TRN: 1772812423TC",711.02,ACH_CREDIT,1768.41,,
DEBIT,06/25/2025,"Online Transfer to CHK ...0068 transaction#: 25251746150 06/25",-200.00,ACCT_XFER,1057.39,,
DEBIT,06/25/2025,"Online Transfer to CHK ...0068 transaction#: 25250838090 06/25",-200.00,ACCT_XFER,1257.39,,
DEBIT,06/24/2025,"Online Transfer to CHK ...0068 transaction#: 25245750219 06/24",-160.00,ACCT_XFER,1457.39,,
DEBIT,06/24/2025,"FLOWITH.IO FLOWITH.IO CO                     06/23",-20.00,DEBIT_CARD,1617.39,,
DEBIT,06/24/2025,"INDEXSY RICHMOND BC                          06/23",-81.00,DEBIT_CARD,1637.39,,
CREDIT,06/24/2025,"ORIG CO NAME:STRIPE                 ORIG ID:1800948598 DESC DATE:       CO ENTRY DESCR:TRANSFER  SEC:CCD    TRACE#:091000019242260 EED:250624   IND ID:ST-X7A5K0J5N9J6              IND NAME:MARK GUNDRUM TRN: 1759242260TC",577.25,ACH_CREDIT,1718.39,,
DEBIT,06/23/2025,"Online Transfer to CHK ...0068 transaction#: 25230548055 06/23",-600.00,ACCT_XFER,1141.14,,
DEBIT,06/23/2025,"Online Transfer to  CHK ...0068 transaction#: 25066965786 06/23",-350.00,ACCT_XFER,1741.14,,
DEBIT,06/23/2025,"ORIG CO NAME:Credit Strong          ORIG ID:5122002794 DESC DATE:062125 CO ENTRY DESCR:CSTR PAYMTSEC:WEB    TRACE#:114994031228864 EED:250623   IND ID:2138568                      IND NAME:Mark Gundrum TRN: 1741228864TC",-90.00,MISC_DEBIT,2091.14,,
DEBIT,06/23/2025,"ORIG CO NAME:VS NETTIPALVELU        ORIG ID:770510487C DESC DATE:       CO ENTRY DESCR:IAT PAYPALSEC:WEB    TRACE#:091000016335125 EED:250623   IND ID:1042998025519                IND NAME:MARK GUNDRUM                                                                                                 IATCV TRN: 1746335125TC",-33.00,MISC_DEBIT,2181.14,,
DEBIT,06/23/2025,"NUV*SERPEMPIRE LAS PALMAS DE                 06/20",-79.00,DEBIT_CARD,2214.14,,
DEBIT,06/20/2025,"Online Transfer to CHK ...0068 transaction#: 25198212221 06/20",-300.00,ACCT_XFER,2293.14,,
DEBIT,06/20/2025,"LOCALRANK.SO RICHMOND BC                     06/19",-350.00,DEBIT_CARD,2593.14,,
CREDIT,06/20/2025,"Zelle payment from Eddy Orozco Reyes BBT315328369",650.00,PARTNERFI_TO_CHASE,2943.14,,
CREDIT,06/20/2025,"ORIG CO NAME:STRIPE                 ORIG ID:1800948598 DESC DATE:       CO ENTRY DESCR:TRANSFER  SEC:CCD    TRACE#:091000013662225 EED:250620   IND ID:ST-P4R8D6J3Y6C6              IND NAME:MARK GUNDRUM TRN: 1713662225TC",709.14,ACH_CREDIT,2293.14,,
DEBIT,06/18/2025,"Online Transfer to CHK ...0068 transaction#: 25176301526 06/18",-100.00,ACCT_XFER,1584.00,,
DEBIT,06/18/2025,"Online Transfer to CHK ...0068 transaction#: 25171868585 06/18",-100.00,ACCT_XFER,1684.00,,
DEBIT,06/18/2025,"LOCALRANK.SO RICHMOND BC                     06/17",-350.00,DEBIT_CARD,1784.00,,
DEBIT,06/18/2025,"LOCALRANK.SO RICHMOND BC                     06/17",-350.00,DEBIT_CARD,2134.00,,
DEBIT,06/18/2025,"DISCOVERABILITY.CO DISCOVERABILI PA          06/17",-89.60,DEBIT_CARD,2484.00,,
DEBIT,06/18/2025,"APPLE.COM/BILL 866-712-7753 CA               06/17",-5.24,DEBIT_CARD,2573.60,,
DEBIT,06/17/2025,"Online Transfer to CHK ...0068 transaction#: 25162630164 06/17",-50.00,ACCT_XFER,2578.84,,
DEBIT,06/17/2025,"HIGHLEVEL INC. GOHIGHLEVEL.C TX              06/17",-100.00,DEBIT_CARD,2628.84,,
DEBIT,06/17/2025,"MIDJOURNEY INC. MIDJOURNEY.CO CA             06/16",-10.79,DEBIT_CARD,2728.84,,
CREDIT,06/17/2025,"ORIG CO NAME:STRIPE                 ORIG ID: 800948598 DESC DATE:       CO ENTRY DESCR:TRANSFER  SEC:CCD    TRACE#:043305133159492 EED:250617   IND ID:ST-V9X2V3I1H1U7              IND NAME:MARK GUNDRUM TRN: 1683159492TC",177.25,ACH_CREDIT,2739.63,,
CREDIT,06/17/2025,"Zelle payment from ACI ENTERPRISE, LLC WFCT0YXS6FQM",1000.00,PARTNERFI_TO_CHASE,2562.38,,
DEBIT,06/16/2025,"OUTSOURCE SHARKS, LL OUTSOURCESHAR DE        06/15",-99.00,DEBIT_CARD,1562.38,,
DEBIT,06/16/2025,"APPLE.COM/BILL 866-712-7753 CA               06/15",-9.99,DEBIT_CARD,1661.38,,
DEBIT,06/16/2025,"Online Transfer to CHK ...0068 transaction#: 25137260105 06/16",-200.00,ACCT_XFER,1671.37,,
DEBIT,06/16/2025,"Online Transfer to CHK ...0068 transaction#: 25134253375 06/16",-300.00,ACCT_XFER,1871.37,,
DEBIT,06/16/2025,"TMOBILE*AUTO PAY 800-937-8997 WA             06/13",-55.36,DEBIT_CARD,2171.37,,
DEBIT,06/13/2025,"Online Transfer to CHK ...0068 transaction#: 25118775938 06/13",-100.00,ACCT_XFER,2226.73,,
DEBIT,06/13/2025,"Online Transfer to CHK ...0068 transaction#: 25116240381 06/13",-100.00,ACCT_XFER,2326.73,,
DEBIT,06/13/2025,"DISCOVERABILITY.CO DISCOVERABILI PA          06/12",-89.60,DEBIT_CARD,2426.73,,
DEBIT,06/13/2025,"DISCOVERABILITY.CO DISCOVERABILI PA          06/12",-89.60,DEBIT_CARD,2516.33,,
CREDIT,06/13/2025,"ORIG CO NAME:STRIPE                 ORIG ID: 800948598 DESC DATE:       CO ENTRY DESCR:TRANSFER  SEC:CCD    TRACE#:043305139208950 EED:250613   IND ID:ST-D9J7A0O3A8J5              IND NAME:MARK GUNDRUM TRN: 1649208950TC",360.45,ACH_CREDIT,2605.93,,
DEBIT,06/12/2025,"CASH APP*VIVI Oakland CA                     06/11",-10.00,DEBIT_CARD,2245.48,,
DEBIT,06/12/2025,"DISCOVERABILITY.CO DISCOVERABILI PA          06/11",-89.60,DEBIT_CARD,2255.48,,
CREDIT,06/12/2025,"ORIG CO NAME:STRIPE                 ORIG ID:4270465600 DESC DATE:       CO ENTRY DESCR:TRANSFER  SEC:CCD    TRACE#:111000029593979 EED:250612   IND ID:ST-R8A6Z4S8H5E2              IND NAME:MARK GUNDRUM TRN: 1639593979TC",347.20,ACH_CREDIT,2345.08,,
DEBIT,06/11/2025,"Online Transfer to CHK ...0068 transaction#: 25091715290 06/11",-200.00,ACCT_XFER,1997.88,,
DEBIT,06/11/2025,"CASH APP*MARCO DIEMER Oakland CA             06/10",-7.00,DEBIT_CARD,2197.88,,
DEBIT,06/11/2025,"CASH APP*MARCO DIEMER Oakland CA             06/10",-10.00,DEBIT_CARD,2204.88,,
DEBIT,06/10/2025,"ORIG CO NAME:SELF LENDER INC        ORIG ID:473596202  DESC DATE:       CO ENTRY DESCR:PAYMENTS  SEC:WEB    TRACE#:096001013511460 EED:250610   IND ID:116875136                    IND NAME:MARK GUNDRUM TRN: 1613511460TC",-48.00,MISC_DEBIT,2214.88,,
DEBIT,06/10/2025,"CASH APP*MARCO DIEMER Oakland CA             06/09",-7.00,DEBIT_CARD,2262.88,,
DEBIT,06/10/2025,"CASH APP*MARCO DIEMER Oakland CA             06/09",-20.00,DEBIT_CARD,2269.88,,
CREDIT,06/10/2025,"ORIG CO NAME:STRIPE                 ORIG ID:1800948598 DESC DATE:       CO ENTRY DESCR:TRANSFER  SEC:CCD    TRACE#:091000012760000 EED:250610   IND ID:ST-H1S5B9X5H9B9              IND NAME:MARK GUNDRUM TRN: 1612760000TC",577.25,ACH_CREDIT,2289.88,,
DEBIT,06/09/2025,"Online Transfer to  CHK ...0068 transaction#: 24864779945 06/09",-350.00,ACCT_XFER,1712.63,,
DEBIT,06/09/2025,"CASH APP*MARCO DIEMER Oakland CA             06/08",-7.00,DEBIT_CARD,2062.63,,
DEBIT,06/09/2025,"CASH APP*MARCO DIEMER Oakland CA             06/08",-20.00,DEBIT_CARD,2069.63,,
DEBIT,06/09/2025,"Online Transfer to CHK ...0068 transaction#: 25059389690 06/09",-100.00,ACCT_XFER,2089.63,,
DEBIT,06/09/2025,"Online Transfer to CHK ...0068 transaction#: 25058860082 06/09",-100.00,ACCT_XFER,2189.63,,
DEBIT,06/09/2025,"CASH APP*MARCO DIEMER Oakland CA             06/07",-7.00,DEBIT_CARD,2289.63,,
DEBIT,06/09/2025,"FLOWITH.IO FLOWITH.IO CO                     06/07",-19.90,DEBIT_CARD,2296.63,,
DEBIT,06/09/2025,"CASH APP*MARCO DIEMER Oakland CA             06/06",-7.00,DEBIT_CARD,2316.53,,
DEBIT,06/09/2025,"CASH APP*MARCO DIEMER Oakland CA             06/06",-7.00,DEBIT_CARD,2323.53,,
CREDIT,06/09/2025,"Zelle payment from Eddy Orozco Reyes BBT313330046",880.00,PARTNERFI_TO_CHASE,2330.53,,
DEBIT,06/06/2025,"Online Transfer to CHK ...0068 transaction#: 25038102461 06/06",-100.00,ACCT_XFER,1450.53,,
DEBIT,06/06/2025,"CASH APP*MARCO DIEMER Oakland CA             06/06",-7.00,DEBIT_CARD,1550.53,,
DEBIT,06/06/2025,"ORIG CO NAME:CHUI WAH EVELYN        ORIG ID:770510487C DESC DATE:       CO ENTRY DESCR:IAT PAYPALSEC:WEB    TRACE#:091000017677393 EED:250606   IND ID:1042678399372                IND NAME:MARK GUNDRUM                                                                                                 IATCV TRN: 1577677393TC",-33.70,MISC_DEBIT,1557.53,,
DEBIT,06/06/2025,"HIGHLEVEL AGENCY SUB GOHIGHLEVEL.C TX        06/06",-297.00,DEBIT_CARD,1591.23,,
DEBIT,06/06/2025,"INDEXSY RICHMOND BC                          06/05",-81.00,DEBIT_CARD,1888.23,,
DEBIT,06/06/2025,"CASH APP*MARCO DIEMER Oakland CA             06/05",-7.00,DEBIT_CARD,1969.23,,
DEBIT,06/06/2025,"HIGHLEVEL INC. GOHIGHLEVEL.C TX              06/05",-100.00,DEBIT_CARD,1976.23,,
DEBIT,06/05/2025,"ORIG CO NAME:CHUI WAH EVELYN        ORIG ID:770510487C DESC DATE:       CO ENTRY DESCR:IAT PAYPALSEC:WEB    TRACE#:091000018924341 EED:250605   IND ID:1042662203930                IND NAME:MARK GUNDRUM                                                                                                 IATCV TRN: 1568924341TC",-33.70,MISC_DEBIT,2076.23,,
DEBIT,06/05/2025,"Online Realtime Transfer to Taxes  3485 transaction#: 25018156040 reference#: 9018156040RX 06/05",-400.00,ACCT_XFER,2109.93,,
DEBIT,06/05/2025,"Payment to Chase card ending in 0678 06/05",-300.00,LOAN_PMT,2509.93,,
DEBIT,06/05/2025,"Online Transfer to CHK ...0068 transaction#: 25018168956 06/05",-100.00,ACCT_XFER,2809.93,,
DEBIT,06/05/2025,"INDEXSY RICHMOND BC                          06/05",-81.00,DEBIT_CARD,2909.93,,
CREDIT,06/05/2025,"ORIG CO NAME:STRIPE                 ORIG ID: 800948598 DESC DATE:       CO ENTRY DESCR:TRANSFER  SEC:CCD    TRACE#:043305139090534 EED:250605   IND ID:ST-R8F6S0X2R3P0              IND NAME:MARK GUNDRUM TRN: 1569090534TC",347.20,ACH_CREDIT,2990.93,,
CREDIT,06/04/2025,"ORIG CO NAME:STRIPE                 ORIG ID:1800948598 DESC DATE:       CO ENTRY DESCR:TRANSFER  SEC:CCD    TRACE#:091000018578982 EED:250604   IND ID:ST-M3T1F3J1E7U1              IND NAME:MARK GUNDRUM TRN: 1558578982TC",96.30,ACH_CREDIT,2643.73,,
DEBIT,06/03/2025,"Online Transfer to CHK ...0068 transaction#: 24998944360 06/03",-200.00,ACCT_XFER,2547.43,,
DEBIT,06/03/2025,"Online Transfer to CHK ...0068 transaction#: 24997652343 06/03",-300.00,ACCT_XFER,2747.43,,
DEBIT,06/03/2025,"BOOST MOBILE HTTPS://WWW.D CO                06/02",-66.62,DEBIT_CARD,3047.43,,
CREDIT,06/03/2025,"ORIG CO NAME:STRIPE                 ORIG ID:4270465600 DESC DATE:       CO ENTRY DESCR:TRANSFER  SEC:CCD    TRACE#:111000028916589 EED:250603   IND ID:ST-Y0W8O4S9F2S3              IND NAME:MARK GUNDRUM TRN: 1548916589TC",239.45,ACH_CREDIT,3114.05,,
CREDIT,06/03/2025,"Zelle payment from ACI ENTERPRISE, LLC WFCT0YWDL6TT",1000.00,PARTNERFI_TO_CHASE,2874.60,,
DEBIT,06/02/2025,"Online Transfer to CHK ...0068 transaction#: 24983957451 06/02",-100.00,ACCT_XFER,1874.60,,
DEBIT,06/02/2025,"Zelle payment to ROSS YENERICH JPM99baj11at",-12.50,CHASE_TO_PARTNERFI,1974.60,,
CREDIT,06/02/2025,"Online Transfer from CHK ...0068 transaction#: 24987735122",200.00,ACCT_XFER,1987.10,,
CREDIT,06/02/2025,"Zelle payment from JONATHAN BIBLE WFCT0YVZZ88V",350.00,PARTNERFI_TO_CHASE,1787.10,,
DEBIT,05/30/2025,"MONTHLY SERVICE FEE",-15.00,FEE_TRANSACTION,1437.10,,
DEBIT,05/30/2025,"Online Transfer to CHK ...0068 transaction#: 24950063250 05/30",-100.00,ACCT_XFER,1452.10,,
DEBIT,05/30/2025,"Online Transfer to CHK ...0068 transaction#: 24945828099 05/30",-100.00,ACCT_XFER,1552.10,,
DEBIT,05/30/2025,"CASH APP*MARCO DIEMER Oakland CA             05/30",-10.00,DEBIT_CARD,1652.10,,
DEBIT,05/30/2025,"CASH APP*MARCO DIEMER Oakland CA             05/30",-10.00,DEBIT_CARD,1662.10,,
DEBIT,05/30/2025,"CASH APP*MARCO DIEMER Oakland CA             05/29",-10.00,DEBIT_CARD,1672.10,,
CREDIT,05/30/2025,"ORIG CO NAME:STRIPE                 ORIG ID:1800948598 DESC DATE:       CO ENTRY DESCR:TRANSFER  SEC:CCD    TRACE#:091000016779705 EED:250530   IND ID:ST-U6B6G5P0Y9L2              IND NAME:MARK GUNDRUM TRN: 1506779705TC",347.20,ACH_CREDIT,1682.10,,
DEBIT,05/29/2025,"Online Transfer to CHK ...0068 transaction#: 24929668793 05/29",-100.00,ACCT_XFER,1334.90,,
DEBIT,05/29/2025,"ORIG CO NAME:CHUI WAH EVELYN        ORIG ID:770510487C DESC DATE:       CO ENTRY DESCR:IAT PAYPALSEC:WEB    TRACE#:091000015745854 EED:250529   IND ID:1042483104701                IND NAME:MARK GUNDRUM                                                                                                 IATCV TRN: 1495745854TC",-33.70,MISC_DEBIT,1434.90,,
DEBIT,05/29/2025,"ORIG CO NAME:CHUI WAH EVELYN        ORIG ID:770510487C DESC DATE:       CO ENTRY DESCR:IAT PAYPALSEC:WEB    TRACE#:091000015745843 EED:250529   IND ID:1042482941006                IND NAME:MARK GUNDRUM                                                                                                 IATCV TRN: 1495745843TC",-33.70,MISC_DEBIT,1468.60,,
DEBIT,05/29/2025,"APPLE.COM/BILL 866-712-7753 CA               05/29",-4.19,DEBIT_CARD,1502.30,,
DEBIT,05/29/2025,"CASH APP*MARCO DIEMER Oakland CA             05/28",-10.00,DEBIT_CARD,1506.49,,
DEBIT,05/29/2025,"CASH APP*MARCO DIEMER Oakland CA             05/28",-7.00,DEBIT_CARD,1516.49,,
DEBIT,05/28/2025,"Online Transfer to CHK ...0068 transaction#: 24921443255 05/28",-100.00,ACCT_XFER,1523.49,,
DEBIT,05/28/2025,"CASH APP*MARCO DIEMER Oakland CA             05/28",-7.00,DEBIT_CARD,1623.49,,
DEBIT,05/28/2025,"CASH APP*MARCO DIEMER Oakland CA             05/27",-20.00,DEBIT_CARD,1630.49,,
CREDIT,05/28/2025,"ORIG CO NAME:STRIPE                 ORIG ID:1800948598 DESC DATE:       CO ENTRY DESCR:TRANSFER  SEC:CCD    TRACE#:091000011220791 EED:250528   IND ID:ST-P9I9P7P1S7M8              IND NAME:MARK GUNDRUM TRN: 1481220791TC",238.70,ACH_CREDIT,1650.49,,
DEBIT,05/27/2025,"Online Transfer to CHK ...0068 transaction#: 24912948413 05/27",-100.00,ACCT_XFER,1411.79,,
DEBIT,05/27/2025,"CASH APP*MARCO DIEMER Oakland CA             05/26",-7.00,DEBIT_CARD,1511.79,,
DEBIT,05/27/2025,"CASH APP*MARCO DIEMER Oakland CA             05/25",-10.00,DEBIT_CARD,1518.79,,
DEBIT,05/27/2025,"CASH APP*MARCO DIEMER Oakland CA             05/24",-10.00,DEBIT_CARD,1528.79,,
DEBIT,05/27/2025,"CASH APP*MARCO DIEMER Oakland CA             05/24",-10.00,DEBIT_CARD,1538.79,,
DEBIT,05/27/2025,"CASH APP*MARCO DIEMER Oakland CA             05/23",-10.00,DEBIT_CARD,1548.79,,
DEBIT,05/23/2025,"Online Transfer to  CHK ...0068 transaction#: 24737555062 05/23",-350.00,ACCT_XFER,1558.79,,
DEBIT,05/23/2025,"INDEXSY RICHMOND BC                          05/22",-81.00,DEBIT_CARD,1908.79,,
DEBIT,05/23/2025,"INDEXSY RICHMOND BC                          05/22",-81.00,DEBIT_CARD,1989.79,,
DEBIT,05/22/2025,"CASH APP*MARCO DIEMER Oakland CA             05/21",-7.00,DEBIT_CARD,2070.79,,
CREDIT,05/22/2025,"ORIG CO NAME:STRIPE                 ORIG ID:1800948598 DESC DATE:       CO ENTRY DESCR:TRANSFER  SEC:CCD    TRACE#:091000017111293 EED:250522   IND ID:ST-W6E9W6P4U7P5              IND NAME:MARK GUNDRUM TRN: 1427111293TC",491.80,ACH_CREDIT,2077.79,,
DEBIT,05/21/2025,"DIGICOPY-MILWAUKEE/VAN MILWAUKEE WI  092610  05/21",-9.71,DEBIT_CARD,1585.99,,
DEBIT,05/21/2025,"Online Transfer to CHK ...0068 transaction#: 24841184963 05/21",-100.00,ACCT_XFER,1595.70,,
DEBIT,05/21/2025,"Online Transfer to CHK ...0068 transaction#: 24841191821 05/21",-200.00,ACCT_XFER,1695.70,,
DEBIT,05/21/2025,"ORIG CO NAME:Credit Strong          ORIG ID:5122002794 DESC DATE:052125 CO ENTRY DESCR:CSTR PAYMTSEC:WEB    TRACE#:114994033204133 EED:250521   IND ID:2050552                      IND NAME:Mark Gundrum TRN: 1413204133TC",-90.00,MISC_DEBIT,1895.70,,
DEBIT,05/21/2025,"NUV*SERPEMPIRE LAS PALMAS DE                 05/20",-79.00,DEBIT_CARD,1985.70,,
DEBIT,05/20/2025,"Online Transfer to CHK ...0068 transaction#: 24836967774 05/20",-1100.00,ACCT_XFER,2064.70,,
DEBIT,05/20/2025,"Payment to Chase card ending in 0678 05/20",-500.00,LOAN_PMT,3164.70,,
DEBIT,05/20/2025,"Online Transfer to CHK ...0068 transaction#: 24831365163 05/20",-100.00,ACCT_XFER,3664.70,,
DEBIT,05/20/2025,"Zelle payment to cheezit 24831370540",-150.00,QUICKPAY_DEBIT,3764.70,,
CREDIT,05/20/2025,"ORIG CO NAME:STRIPE                 ORIG ID:4270465600 DESC DATE:       CO ENTRY DESCR:TRANSFER  SEC:CCD    TRACE#:111000027542060 EED:250520   IND ID:ST-K0Q0Q8Z0D5N3              IND NAME:MARK GUNDRUM TRN: 1407542060TC",238.20,ACH_CREDIT,3914.70,,
CREDIT,05/20/2025,"Zelle payment from ACI ENTERPRISE, LLC WFCT0YTYFZSN",1000.00,PARTNERFI_TO_CHASE,3676.50,,
DEBIT,05/19/2025,"Online Transfer to CHK ...0068 transaction#: 24815891678 05/19",-200.00,ACCT_XFER,2676.50,,
DEBIT,05/19/2025,"BOOST MOBILE 833-502-6678 CO                 05/18",-15.46,DEBIT_CARD,2876.50,,
DEBIT,05/19/2025,"Online Transfer to SAV ...7036 transaction#: 24807186807 05/19",-300.00,ACCT_XFER,2891.96,,
DEBIT,05/19/2025,"Payment to Chase card ending in 0678 05/19",-1000.00,LOAN_PMT,3191.96,,
DEBIT,05/19/2025,"Online Transfer to CHK ...0068 transaction#: 24801784010 05/19",-200.00,ACCT_XFER,4191.96,,
DEBIT,05/19/2025,"MIDJOURNEY INC. MIDJOURNEY.CO CA             05/16",-10.79,DEBIT_CARD,4391.96,,
CREDIT,05/19/2025,"Zelle payment from WILLARD CONSTRUCTION GROUP LLC BACj9wetbwpk",2000.00,PARTNERFI_TO_CHASE,4402.75,,
DEBIT,05/19/2025,"LOOMINOST - KEVINS PB KUALA LUMPUR           05/16",33.70,DEBIT_CARD,2402.75,,
DEBIT,05/16/2025,"HIGHLEVEL INC. GOHIGHLEVEL.C TX              05/15",-100.00,DEBIT_CARD,2369.05,,
DEBIT,05/15/2025,"Online Transfer to SAV ...7036 transaction#: 24779197679 05/15",-500.00,ACCT_XFER,2469.05,,
DEBIT,05/15/2025,"Online Transfer to CHK ...0068 transaction#: 24775117100 05/15",-200.00,ACCT_XFER,2969.05,,
DEBIT,05/15/2025,"APPLE.COM/BILL 866-712-7753 CA               05/15",-9.99,DEBIT_CARD,3169.05,,
CREDIT,05/15/2025,"ORIG CO NAME:STRIPE                 ORIG ID:1800948598 DESC DATE:       CO ENTRY DESCR:TRANSFER  SEC:CCD    TRACE#:091000017437082 EED:250515   IND ID:ST-F5D3I1J5S8E4              IND NAME:MARK GUNDRUM TRN: 1357437082TC",347.20,ACH_CREDIT,3179.04,,
DEBIT,05/14/2025,"ORIG CO NAME:Wise Inc               ORIG ID:9453233521 DESC DATE:250514 CO ENTRY DESCR:WISE      SEC:WEB    TRACE#:021000029451539 EED:250514   IND ID:TrnWise                      IND NAME:Mark Denis Gundrum                                                                                           72154169 TRN: 1349451539TC",-75.13,MISC_DEBIT,2831.84,,
DEBIT,05/14/2025,"TMOBILE*AUTO PAY 800-937-8997 WA             05/13",-55.36,DEBIT_CARD,2906.97,,
CREDIT,05/14/2025,"Zelle payment from WILLARD CONSTRUCTION GROUP LLC BACpulg2rwt9",20.00,PARTNERFI_TO_CHASE,2962.33,,
DEBIT,05/13/2025,"WAL WAL-MART #2452 001 MILWAUKEE WI  665832  05/13",-64.61,DEBIT_CARD,2942.33,,
CREDIT,05/13/2025,"ORIG CO NAME:STRIPE                 ORIG ID:1800948598 DESC DATE:       CO ENTRY DESCR:TRANSFER  SEC:CCD    TRACE#:091000016790556 EED:250513   IND ID:ST-S6R1V1L4A1A6              IND NAME:MARK GUNDRUM TRN: 1336790556TC",142.85,ACH_CREDIT,3006.94,,
DEBIT,05/12/2025,"ORIG CO NAME:SELF LENDER INC        ORIG ID:473596202  DESC DATE:       CO ENTRY DESCR:PAYMENTS  SEC:WEB    TRACE#:096001018735775 EED:250512   IND ID:115821112                    IND NAME:MARK GUNDRUM TRN: 1328735775TC",-48.00,MISC_DEBIT,2864.09,,
DEBIT,05/12/2025,"Online Transfer to  CHK ...0068 transaction#: 24564320616 05/12",-350.00,ACCT_XFER,2912.09,,
DEBIT,05/12/2025,"Online Transfer to CHK ...0068 transaction#: 24721422528 05/12",-300.00,ACCT_XFER,3262.09,,
CREDIT,05/12/2025,"Zelle payment from OMAR SANCHEZ WFCT0YT6M8W9",500.00,PARTNERFI_TO_CHASE,3562.09,,
CREDIT,05/12/2025,"Zelle payment from WILLARD CONSTRUCTION GROUP LLC BACo25sje2hk",983.93,PARTNERFI_TO_CHASE,3062.09,,
DEBIT,05/09/2025,"LOOMINOST - KEVINS PB KUALA LUMPUR           05/08",-33.70,DEBIT_CARD,2078.16,,
DEBIT,05/09/2025,"LOOMINOST - KEVINS PB KUALA LUMPUR           05/08",-33.70,DEBIT_CARD,2111.86,,
DEBIT,05/08/2025,"Online Transfer to CHK ...0068 transaction#: 24695319242 05/08",-200.00,ACCT_XFER,2145.56,,
DEBIT,05/08/2025,"CASH APP*MARCO DIEMER Oakland CA             05/08",-7.00,DEBIT_CARD,2345.56,,
CREDIT,05/08/2025,"ORIG CO NAME:STRIPE                 ORIG ID:4270465600 DESC DATE:       CO ENTRY DESCR:TRANSFER  SEC:CCD    TRACE#:111000024436004 EED:250508   IND ID:ST-Z0K8E3U0T8F0              IND NAME:MARK GUNDRUM TRN: 1284436004TC",347.20,ACH_CREDIT,2352.56,,
DEBIT,05/07/2025,"Online Transfer to CHK ...0068 transaction#: 24686056802 05/07",-300.00,ACCT_XFER,2005.36,,
DEBIT,05/06/2025,"HIGHLEVEL AGENCY SUB GOHIGHLEVEL.C TX        05/06",-297.00,DEBIT_CARD,2305.36,,
DEBIT,05/06/2025,"CASH APP*MARCO DIEMER Oakland CA             05/05",-7.00,DEBIT_CARD,2602.36,,
CREDIT,05/06/2025,"ORIG CO NAME:STRIPE                 ORIG ID:4270465600 DESC DATE:       CO ENTRY DESCR:TRANSFER  SEC:CCD    TRACE#:111000024855158 EED:250506   IND ID:ST-F6A5L4F3D4T1              IND NAME:MARK GUNDRUM TRN: 1264855158TC",144.60,ACH_CREDIT,2609.36,,
CREDIT,05/06/2025,"Zelle payment from ACI ENTERPRISE, LLC WFCT0YSKMPH6",1000.00,PARTNERFI_TO_CHASE,2464.76,,
DEBIT,05/05/2025,"Online Transfer to CHK ...0068 transaction#: 24650991892 05/05",-100.00,ACCT_XFER,1464.76,,
DEBIT,05/05/2025,"Online Transfer to CHK ...0068 transaction#: 24644654209 05/05",-200.00,ACCT_XFER,1564.76,,
DEBIT,05/05/2025,"BOOST MOBILE HTTPS://WWW.D CO                05/02",-61.08,DEBIT_CARD,1764.76,,
CREDIT,05/05/2025,"ORIG CO NAME:STRIPE                 ORIG ID:4270465600 DESC DATE:       CO ENTRY DESCR:TRANSFER  SEC:CCD    TRACE#:111000029321940 EED:250505   IND ID:ST-E2Z0W2A3F9G7              IND NAME:MARK GUNDRUM TRN: 1259321940TC",93.80,ACH_CREDIT,1825.84,,
DEBIT,05/02/2025,"CASH APP*MARCO DIEMER Oakland CA             05/01",-48.00,DEBIT_CARD,1732.04,,
DEBIT,05/01/2025,"CASH APP*MARCO DIEMER Oakland CA             05/01",-48.00,DEBIT_CARD,1780.04,,
DEBIT,05/01/2025,"Zelle payment to ROSS YENERICH JPM99b6qtd1s",-12.50,CHASE_TO_PARTNERFI,1828.04,,
DEBIT,05/01/2025,"INDEXSY RICHMOND BC                          04/30",-81.00,DEBIT_CARD,1840.54,,
CREDIT,05/01/2025,"ORIG CO NAME:STRIPE                 ORIG ID:4270465600 DESC DATE:       CO ENTRY DESCR:TRANSFER  SEC:CCD    TRACE#:111000022406802 EED:250501   IND ID:ST-M2G4T7X0I7M7              IND NAME:MARK GUNDRUM TRN: 1212406802TC",347.20,ACH_CREDIT,1921.54,,
DEBIT,04/30/2025,"MONTHLY SERVICE FEE",-15.00,FEE_TRANSACTION,1574.34,,
DEBIT,04/30/2025,"Payment to Chase card ending in 0678 04/30",-400.00,LOAN_PMT,1589.34,,
CREDIT,04/29/2025,"ORIG CO NAME:STRIPE                 ORIG ID:4270465600 DESC DATE:       CO ENTRY DESCR:TRANSFER  SEC:CCD    TRACE#:111000027966116 EED:250429   IND ID:ST-U6V1O5D1D0J6              IND NAME:MARK GUNDRUM TRN: 1197966116TC",142.10,ACH_CREDIT,1989.34,,
DEBIT,04/28/2025,"DIGICOPY-MILWAUKEE/VAN MILWAUKEE WI  195374  04/28",-9.71,DEBIT_CARD,1847.24,,
DEBIT,04/28/2025,"Online Transfer to  CHK ...0068 transaction#: 24408534738 04/28",-350.00,ACCT_XFER,1856.95,,
DEBIT,04/28/2025,"INDEXSY RICHMOND BC                          04/25",-81.00,DEBIT_CARD,2206.95,,
DEBIT,04/28/2025,"INDEXSY RICHMOND BC                          04/25",-225.00,DEBIT_CARD,2287.95,,
DEBIT,04/25/2025,"CASH APP*MARCO DIEMER Oakland CA             04/24",-7.00,DEBIT_CARD,2512.95,,
DEBIT,04/25/2025,"HIGHLEVEL INC. GOHIGHLEVEL.C TX              04/24",-100.00,DEBIT_CARD,2519.95,,
DEBIT,04/24/2025,"Online Transfer to CHK ...0068 transaction#: 24524385518 04/24",-1000.00,ACCT_XFER,2619.95,,
DEBIT,04/24/2025,"Online Transfer to CHK ...0068 transaction#: 24522405161 04/24",-450.00,ACCT_XFER,3619.95,,
DEBIT,04/24/2025,"Online Transfer to CHK ...0068 transaction#: 24522104824 04/24",-700.00,ACCT_XFER,4069.95,,
DEBIT,04/24/2025,"CASH APP*MARCO DIEMER Oakland CA             04/24",-7.00,DEBIT_CARD,4769.95,,
DEBIT,04/24/2025,"CASH APP*MARCO DIEMER Oakland CA             04/23",-17.00,DEBIT_CARD,4776.95,,
DEBIT,04/24/2025,"SQ *ROCHAMBO COFFEE AND Milwaukee WI         04/23",-4.09,DEBIT_CARD,4793.95,,
DEBIT,04/24/2025,"CASH APP*MARCO DIEMER Oakland CA             04/23",-7.00,DEBIT_CARD,4798.04,,
DEBIT,04/24/2025,"INDEXSY RICHMOND BC                          04/23",-81.00,DEBIT_CARD,4805.04,,
DEBIT,04/24/2025,"INDEXSY RICHMOND BC                          04/23",-90.00,DEBIT_CARD,4886.04,,
CREDIT,04/24/2025,"ORIG CO NAME:STRIPE                 ORIG ID:1800948598 DESC DATE:       CO ENTRY DESCR:TRANSFER  SEC:CCD    TRACE#:091000010699219 EED:250424   IND ID:ST-P9S3J0G7Q7U7              IND NAME:MARK GUNDRUM TRN: 1140699219TC",345.45,ACH_CREDIT,4976.04,,
CREDIT,04/24/2025,"Online Transfer from CHK ...0068 transaction#: 24522148333",500.00,ACCT_XFER,4630.59,,
CREDIT,04/24/2025,"Zelle payment from WILLARD CONSTRUCTION GROUP LLC BACn5cx8w8wj",1300.00,PARTNERFI_TO_CHASE,4130.59,,
DEBIT,04/22/2025,"Online Transfer to CHK ...0068 transaction#: 24502913759 04/22",-200.00,ACCT_XFER,2830.59,,
DEBIT,04/22/2025,"ORIG CO NAME:Credit Strong          ORIG ID:5122002794 DESC DATE:042225 CO ENTRY DESCR:CSTR PAYMTSEC:WEB    TRACE#:114994035129292 EED:250422   IND ID:1967610                      IND NAME:Mark Gundrum TRN: 1125129292TC",-90.00,MISC_DEBIT,3030.59,,
DEBIT,04/22/2025,"INDEXSY RICHMOND BC                          04/21",-250.00,DEBIT_CARD,3120.59,,
DEBIT,04/21/2025,"Online Transfer to CHK ...0068 transaction#: 24496488274 04/21",-500.00,ACCT_XFER,3370.59,,
DEBIT,04/21/2025,"Payment to Chase card ending in 0678 04/21",-500.00,LOAN_PMT,3870.59,,
DEBIT,04/21/2025,"CASH APP*MARCO DIEMER Oakland CA             04/21",-7.00,DEBIT_CARD,4370.59,,
DEBIT,04/21/2025,"BP#1721600FOND DU LA SHEBOYGAN FAL WI255000  04/20",-38.92,DEBIT_CARD,4377.59,,
DEBIT,04/21/2025,"TST* CAFE HOLLANDER - D MILWAUKEE WI         04/20",-94.64,DEBIT_CARD,4416.51,,
DEBIT,04/21/2025,"APPLE.COM/BILL 866-712-7753 CA               04/18",-22.55,DEBIT_CARD,4511.15,,
CREDIT,04/21/2025,"Zelle payment from OMAR SANCHEZ WFCT0YR2FYH3",40.00,PARTNERFI_TO_CHASE,4533.70,,
CREDIT,04/21/2025,"Zelle payment from WILLARD CONSTRUCTION GROUP LLC BACkd3bmjd3u",900.00,PARTNERFI_TO_CHASE,4493.70,,
DEBIT,04/18/2025,"CASH APP*MARCO DIEMER Oakland CA             04/17",-7.00,DEBIT_CARD,3593.70,,
DEBIT,04/17/2025,"DIGICOPY-MILWAUKEE/VAN MILWAUKEE WI  615555  04/17",-17.00,DEBIT_CARD,3600.70,,
DEBIT,04/17/2025,"CASH APP*MARCO DIEMER Oakland CA             04/17",-7.00,DEBIT_CARD,3617.70,,
CREDIT,04/17/2025,"ORIG CO NAME:STRIPE                 ORIG ID:1800948598 DESC DATE:       CO ENTRY DESCR:TRANSFER  SEC:CCD    TRACE#:091000010515932 EED:250417   IND ID:ST-H4D2E6U2J7W5              IND NAME:MARK GUNDRUM TRN: 1070515932TC",345.45,ACH_CREDIT,3624.70,,
DEBIT,04/16/2025,"ORIG CO NAME:Wise Inc               ORIG ID:9453233521 DESC DATE:250416 CO ENTRY DESCR:WISE      SEC:WEB    TRACE#:021000021555882 EED:250416   IND ID:TrnWise                      IND NAME:Mark Denis Gundrum                                                                                           70579973 TRN: 1061555882TC",-300.51,MISC_DEBIT,3279.25,,
DEBIT,04/16/2025,"Online Transfer to CHK ...0068 transaction#: 24435101979 04/16",-500.00,ACCT_XFER,3579.76,,
DEBIT,04/16/2025,"CASH APP*MARCO DIEMER Oakland CA             04/15",-7.00,DEBIT_CARD,4079.76,,
DEBIT,04/16/2025,"CASH APP*MARCO DIEMER Oakland CA             04/15",-7.00,DEBIT_CARD,4086.76,,
DEBIT,04/15/2025,"APPLE.COM/BILL 866-712-7753 CA               04/15",-9.99,DEBIT_CARD,4093.76,,
CREDIT,04/15/2025,"Zelle payment from ACI ENTERPRISE, LLC WFCT0YQFTWLK",1000.00,PARTNERFI_TO_CHASE,4103.75,,
DEBIT,04/14/2025,"NON-CHASE ATM FEE-WITH",-3.00,FEE_TRANSACTION,3103.75,,
DEBIT,04/14/2025,"Online Transfer to  CHK ...0068 transaction#: 24239112189 04/14",-350.00,ACCT_XFER,3106.75,,
DEBIT,04/14/2025,"TMOBILE*AUTO PAY 800-937-8997 WA             04/13",-54.76,DEBIT_CARD,3456.75,,
DEBIT,04/14/2025,"WAL-MART #3322 PEWAUKEE WI                   04/13",-8.36,DEBIT_CARD,3511.51,,
DEBIT,04/14/2025,"PEWAUKEE CITGO PEWAUKEE WI           761016  04/13",-37.53,DEBIT_CARD,3519.87,,
DEBIT,04/14/2025,"SQ *FREQUENCY-R-US 6 Brookfield WI           04/12",-75.00,DEBIT_CARD,3557.40,,
DEBIT,04/14/2025,"SQ *SOPHIA'S JOURNEY Brookfield WI           04/12",-25.00,DEBIT_CARD,3632.40,,
DEBIT,04/14/2025,"SQ *SOPHIA'S JOURNEY Brookfield WI           04/12",-25.00,DEBIT_CARD,3657.40,,
DEBIT,04/14/2025,"NON-CHASE ATM WITHDRAW               631329  04/12265 SOUTH",-43.99,ATM,3682.40,,
DEBIT,04/14/2025,"Online Transfer to CHK ...0068 transaction#: 24392047901 04/14",-200.00,ACCT_XFER,3726.39,,
DEBIT,04/14/2025,"TAYLOR S PEOPLES PARK WAUKESHA WI            04/11",-75.44,DEBIT_CARD,3926.39,,
CREDIT,04/14/2025,"Zelle payment from WILLARD CONSTRUCTION GROUP LLC BACn1wwfubpk",2000.00,PARTNERFI_TO_CHASE,4001.83,,
DEBIT,04/10/2025,"ORIG CO NAME:SELF LENDER INC        ORIG ID:473596202  DESC DATE:       CO ENTRY DESCR:PAYMENTS  SEC:WEB    TRACE#:096001018968936 EED:250410   IND ID:114743622                    IND NAME:MARK GUNDRUM TRN: 1008968936TC",-48.00,MISC_DEBIT,2001.83,,
DEBIT,04/10/2025,"Online Transfer to CHK ...0068 transaction#: 24364841679 04/10",-300.00,ACCT_XFER,2049.83,,
DEBIT,04/10/2025,"TST*UNCLE WOLFIES BREAK Milwaukee WI         04/09",-40.51,DEBIT_CARD,2349.83,,
CREDIT,04/10/2025,"ORIG CO NAME:STRIPE                 ORIG ID:1800948598 DESC DATE:       CO ENTRY DESCR:TRANSFER  SEC:CCD    TRACE#:091000018973770 EED:250410   IND ID:ST-P7Y3N9K7X8Y5              IND NAME:MARK GUNDRUM TRN: 1008973770TC",344.95,ACH_CREDIT,2390.34,,
CREDIT,04/10/2025,"Zelle payment from OMAR SANCHEZ WFCT0YPYQ8PB",400.00,PARTNERFI_TO_CHASE,2045.39,,
DEBIT,04/08/2025,"Online Transfer to CHK ...0068 transaction#: 24341712443 04/08",-250.00,ACCT_XFER,1645.39,,
DEBIT,04/07/2025,"HIGHLEVEL AGENCY SUB GOHIGHLEVEL.C TX        04/06",-291.18,DEBIT_CARD,1895.39,,
DEBIT,04/04/2025,"WAL WAL-MART STORE 000 MILWAUKEE WI  055854  04/04",-76.72,DEBIT_CARD,2186.57,,
DEBIT,04/04/2025,"Online Transfer to CHK ...0068 transaction#: 24304333223 04/04",-222.22,ACCT_XFER,2263.29,,
CREDIT,04/03/2025,"ORIG CO NAME:STRIPE                 ORIG ID:4270465600 DESC DATE:       CO ENTRY DESCR:TRANSFER  SEC:CCD    TRACE#:111000025723530 EED:250403   IND ID:ST-W9Y5L0D1W9L1              IND NAME:MARK GUNDRUM TRN: 0935723530TC",442.25,ACH_CREDIT,2485.51,,
DEBIT,04/01/2025,"Payment to Chase card ending in 0678 04/01",-600.00,LOAN_PMT,2043.26,,
DEBIT,04/01/2025,"Zelle payment to ROSS YENERICH JPM99b39ok95",-12.50,CHASE_TO_PARTNERFI,2643.26,,
CREDIT,04/01/2025,"ORIG CO NAME:*KURIOSBRAND LLC       ORIG ID:SB64621602 DESC DATE:       CO ENTRY DESCR:DIG ACH   SEC:CCD    TRACE#:042000019075068 EED:250401   IND ID:SF38AD2EC022258              IND NAME:KuriosBrand LLC TRN: 0919075068TC",900.00,ACH_CREDIT,2655.76,,
CREDIT,04/01/2025,"Zelle payment from ACI ENTERPRISE, LLC WFCT0YNZYD4J",1000.00,PARTNERFI_TO_CHASE,1755.76,,
DEBIT,03/31/2025,"MONTHLY SERVICE FEE",-15.00,FEE_TRANSACTION,755.76,,
DEBIT,03/31/2025,"Online Transfer to  CHK ...0068 transaction#: 24084061997 03/31",-350.00,ACCT_XFER,770.76,,
DEBIT,03/31/2025,"Zelle payment to Chance (couch) JPM99b344xgs",-100.00,CHASE_TO_PARTNERFI,1120.76,,
DEBIT,03/31/2025,"Online Transfer to CHK ...0068 transaction#: 24222844387 03/31",-200.00,ACCT_XFER,1220.76,,
DEBIT,03/31/2025,"HIGHLEVEL INC. GOHIGHLEVEL.C TX              03/29",-100.00,DEBIT_CARD,1420.76,,
DEBIT,03/31/2025,"SMOKIN BRADY MILWAUKEE WI                    03/28",-24.81,DEBIT_CARD,1520.76,,
DEBIT,03/31/2025,"THE SOFIE MILWAUKEE WI                       03/28",-12.00,DEBIT_CARD,1545.57,,
DEBIT,03/28/2025,"Online Transfer to CHK ...0068 transaction#: 24212112705 03/28",-200.00,ACCT_XFER,1557.57,,
CREDIT,03/27/2025,"ORIG CO NAME:STRIPE                 ORIG ID:4270465600 DESC DATE:       CO ENTRY DESCR:TRANSFER  SEC:CCD    TRACE#:111000020580275 EED:250327   IND ID:ST-H8V6S2J7J8A5              IND NAME:MARK GUNDRUM TRN: 0860580275TC",345.45,ACH_CREDIT,1757.57,,
DEBIT,03/26/2025,"Online Transfer to CHK ...0068 transaction#: 24188232763 03/26",-200.00,ACCT_XFER,1412.12,,
DEBIT,03/24/2025,"Online Transfer to CHK ...0068 transaction#: 24146768305 03/24",-200.00,ACCT_XFER,1612.12,,
DEBIT,03/21/2025,"ORIG CO NAME:Credit Strong          ORIG ID:5122002794 DESC DATE:032125 CO ENTRY DESCR:CSTR PAYMTSEC:WEB    TRACE#:114994034339431 EED:250321   IND ID:1886653                      IND NAME:Mark Gundrum TRN: 0804339431TC",-90.00,MISC_DEBIT,1812.12,,
DEBIT,03/20/2025,"Online Transfer to CHK ...0068 transaction#: 24125323213 03/20",-300.00,ACCT_XFER,1902.12,,
DEBIT,03/20/2025,"Online Transfer to CHK ...0068 transaction#: 24114309897 03/20",-150.00,ACCT_XFER,2202.12,,
DEBIT,03/20/2025,"Online Transfer to CHK ...0068 transaction#: 24114318495 03/20",-600.00,ACCT_XFER,2352.12,,
CREDIT,03/20/2025,"ORIG CO NAME:STRIPE                 ORIG ID:4270465600 DESC DATE:       CO ENTRY DESCR:TRANSFER  SEC:CCD    TRACE#:111000027613105 EED:250320   IND ID:ST-Y4T4L3F8L0F3              IND NAME:MARK GUNDRUM TRN: 0797613105TC",345.45,ACH_CREDIT,2952.12,,
CREDIT,03/18/2025,"Zelle payment from ACI ENTERPRISE, LLC WFCT0YMN3B7V",1000.00,PARTNERFI_TO_CHASE,2606.67,,
DEBIT,03/17/2025,"Online Transfer to  CHK ...0068 transaction#: 23921973331 03/17",-350.00,ACCT_XFER,1606.67,,
DEBIT,03/17/2025,"APPLE.COM/BILL 866-712-7753 CA               03/15",-9.99,DEBIT_CARD,1956.67,,
CREDIT,03/13/2025,"ORIG CO NAME:STRIPE                 ORIG ID:4270465600 DESC DATE:       CO ENTRY DESCR:TRANSFER  SEC:CCD    TRACE#:111000024244693 EED:250313   IND ID:ST-N3R6K5Y9G2N2              IND NAME:MARK GUNDRUM TRN: 0724244693TC",344.95,ACH_CREDIT,1966.66,,
DEBIT,03/10/2025,"ORIG CO NAME:SELF LENDER INC        ORIG ID:473596202  DESC DATE:       CO ENTRY DESCR:PAYMENTS  SEC:WEB    TRACE#:096001017714051 EED:250310   IND ID:113690600                    IND NAME:MARK GUNDRUM TRN: 0697714051TC",-48.00,MISC_DEBIT,1621.71,,
CREDIT,03/10/2025,"Zelle payment from ROSS YENERICH HNA01Z8KZIT2",30.00,PARTNERFI_TO_CHASE,1669.71,,
DEBIT,03/07/2025,"HIGHLEVEL INC. GOHIGHLEVEL.C TX              03/06",-100.00,DEBIT_CARD,1639.71,,
DEBIT,03/07/2025,"RPS*Performanc 1003 RD 800-7040154 WI        03/06",-73.00,DEBIT_CARD,1739.71,,
DEBIT,03/06/2025,"Online Transfer to CHK ...0068 transaction#: 23962315009 03/06",-400.00,ACCT_XFER,1812.71,,
DEBIT,03/06/2025,"Payment to Chase card ending in 0678 03/06",-1000.00,LOAN_PMT,2212.71,,
DEBIT,03/06/2025,"HIGHLEVEL AGENCY SUB GOHIGHLEVEL.C TX        03/06",-297.00,DEBIT_CARD,3212.71,,
CREDIT,03/05/2025,"ORIG CO NAME:STRIPE                 ORIG ID:4270465600 DESC DATE:       CO ENTRY DESCR:TRANSFER  SEC:CCD    TRACE#:111000024535227 EED:250305   IND ID:ST-N1K6I8M2A7H1              IND NAME:MARK GUNDRUM TRN: 0644535227TC",442.25,ACH_CREDIT,3509.71,,
DEBIT,03/04/2025,"BEST BUY #26 WAUWATOSA WI            784500  03/04",-838.84,DEBIT_CARD,3067.46,,
CREDIT,03/04/2025,"Zelle payment from ACI ENTERPRISE, LLC WFCT0YL8SG6M",2900.00,PARTNERFI_TO_CHASE,3906.30,,
DEBIT,03/03/2025,"Online Transfer to  CHK ...0068 transaction#: 23722979781 03/03",-350.00,ACCT_XFER,1006.30,,
DEBIT,03/03/2025,"ORIG CO NAME:CHASE CREDIT CRD       ORIG ID:4760039224 DESC DATE:250228 CO ENTRY DESCR:AUTOPAYBUSSEC:PPD    TRACE#:021000029504777 EED:250303   IND ID:                             IND NAME:GUNDRUM MARK D TRN: 0629504777TC",-42.00,ACH_DEBIT,1356.30,,
DEBIT,03/03/2025,"HIGHLEVEL INC. GOHIGHLEVEL.C TX              03/02",-12.00,DEBIT_CARD,1398.30,,
DEBIT,03/03/2025,"Zelle payment to ROSS YENERICH JPM99azt8oy0",-12.50,CHASE_TO_PARTNERFI,1410.30,,
DEBIT,03/03/2025,"UNITED      01644763886 UNITED.COM TX        02/28",-40.00,DEBIT_CARD,1422.80,,
DEBIT,03/03/2025,"UNITED      01644763886 UNITED.COM TX        02/28",-50.00,DEBIT_CARD,1462.80,,
DEBIT,03/03/2025,"UNITED      01644763886 UNITED.COM TX        02/28",-100.00,DEBIT_CARD,1512.80,,
DEBIT,03/03/2025,"BOOST MOBILE HTTPS://WWW.D CO                03/01",-51.02,DEBIT_CARD,1612.80,,
DEBIT,02/28/2025,"MONTHLY SERVICE FEE",-15.00,FEE_TRANSACTION,1663.82,,
DEBIT,02/28/2025,"ORIG CO NAME:STRIPE                 ORIG ID:1800948598 DESC DATE:       CO ENTRY DESCR:TRANSFER  SEC:CCD    TRACE#:091000019874089 EED:250228   IND ID:ST-Z0A6Q0E3J3L4              IND NAME:MARK GUNDRUM TRN: 0599874089TC",-351.20,ACH_DEBIT,1678.82,,
DEBIT,02/27/2025,"Online Transfer to CHK ...0068 transaction#: 23862082640 02/27",-300.00,ACCT_XFER,2030.02,,
CREDIT,02/27/2025,"ORIG CO NAME:STRIPE                 ORIG ID:4270465600 DESC DATE:       CO ENTRY DESCR:TRANSFER  SEC:CCD    TRACE#:111000023301992 EED:250227   IND ID:ST-Y3B5C4T5G6K4              IND NAME:MARK GUNDRUM TRN: 0583301992TC",347.20,ACH_CREDIT,2330.02,,
CREDIT,02/26/2025,"ORIG CO NAME:STRIPE                 ORIG ID:4270465600 DESC DATE:       CO ENTRY DESCR:TRANSFER  SEC:CCD    TRACE#:111000020125504 EED:250226   IND ID:ST-Z6K8T9S7M9W2              IND NAME:MARK GUNDRUM TRN: 0570125504TC",685.00,ACH_CREDIT,1982.82,,
DEBIT,02/24/2025,"Online Transfer to CHK ...0068 transaction#: 23833810690 02/24",-200.00,ACCT_XFER,1297.82,,
DEBIT,02/24/2025,"ORIG CO NAME:STRIPE                 ORIG ID:1800948598 DESC DATE:       CO ENTRY DESCR:TRANSFER  SEC:CCD    TRACE#:091000012066349 EED:250224   IND ID:ST-H1K1X5S6F2Q3              IND NAME:MARK GUNDRUM TRN: 0552066349TC",-351.20,ACH_DEBIT,1497.82,,
DEBIT,02/24/2025,"UNITED      01644747012 UNITED.COM TX        02/22",-100.00,DEBIT_CARD,1849.02,,
DEBIT,02/24/2025,"UNITED      01644745043 UNITED.COM TX        02/21",-40.00,DEBIT_CARD,1949.02,,
DEBIT,02/24/2025,"UNITED      01644745043 UNITED.COM TX        02/21",-50.00,DEBIT_CARD,1989.02,,
DEBIT,02/21/2025,"ORIG CO NAME:Credit Strong          ORIG ID:5122002794 DESC DATE:022125 CO ENTRY DESCR:CSTR PAYMTSEC:WEB    TRACE#:114994031888310 EED:250221   IND ID:1810749                      IND NAME:Mark Gundrum TRN: 0521888310TC",-90.00,MISC_DEBIT,2039.02,,
CREDIT,02/21/2025,"Zelle payment from Siegfried William COFTCZC111IW",50.00,PARTNERFI_TO_CHASE,2129.02,,
CREDIT,02/21/2025,"Zelle payment from KIMBERLY M COLE 23802849348",100.00,QUICKPAY_CREDIT,2079.02,,
CREDIT,02/21/2025,"ORIG CO NAME:KuriosBrand LLC        ORIG ID:814357085  DESC DATE:250221 CO ENTRY DESCR:989EBF5510SEC:PPD    TRACE#:211370157633372 EED:250221   IND ID:                             IND NAME:MARK GUNDRUM TRN: 0527633372TC",339.78,MISC_CREDIT,1979.02,,
CREDIT,02/21/2025,"ORIG CO NAME:STRIPE                 ORIG ID:4270465600 DESC DATE:       CO ENTRY DESCR:TRANSFER  SEC:CCD    TRACE#:111000022567663 EED:250221   IND ID:ST-U6X0I3A6P7S1              IND NAME:MARK GUNDRUM TRN: 0522567663TC",345.45,ACH_CREDIT,1639.24,,
DEBIT,02/20/2025,"Online Realtime Transfer to Taxes  3485 transaction#: 23787916412 reference#: 9787916412RX 02/20",-250.00,ACCT_XFER,1293.79,,
DEBIT,02/20/2025,"Online Transfer to CHK ...0068 transaction#: 23784998839 02/20",-250.00,ACCT_XFER,1543.79,,
DEBIT,02/18/2025,"APPLE COM BILL CUPERTINO CA          440163  02/15",-9.99,DEBIT_CARD,1793.79,,
DEBIT,02/18/2025,"HIGHLEVEL INC. GOHIGHLEVEL.C TX              02/14",-100.00,DEBIT_CARD,1803.78,,
DEBIT,02/18/2025,"APPLE CASH SENT MONE 1INFINITELOOP CA        02/14",-40.00,DEBIT_CARD,1903.78,,
CREDIT,02/18/2025,"Zelle payment from ACI ENTERPRISE, LLC WFCT0YJV6G7Z",1000.00,PARTNERFI_TO_CHASE,1943.78,,
DEBIT,02/14/2025,"Online Transfer to  CHK ...0068 transaction#: 23600074339 02/14",-350.00,ACCT_XFER,943.78,,
DEBIT,02/12/2025,"APPLE CASH SENT MONE 1INFINITELOOP CA        02/11",-100.00,DEBIT_CARD,1293.78,,
DEBIT,02/10/2025,"ORIG CO NAME:SELF LENDER INC        ORIG ID:473596202  DESC DATE:       CO ENTRY DESCR:PAYMENTS  SEC:WEB    TRACE#:096001013327647 EED:250210   IND ID:112717332                    IND NAME:MARK GUNDRUM TRN: 0413327647TC",-48.00,MISC_DEBIT,1393.78,,
DEBIT,02/10/2025,"TRAVEL GUARD GROUP I HTTPS//WWW.UN WI        02/07",-16.94,DEBIT_CARD,1441.78,,
DEBIT,02/10/2025,"UNITED      01624581552 UNITED.COM TX        02/07",-247.44,DEBIT_CARD,1458.72,,
DEBIT,02/07/2025,"SQ *ABSOLUTE WELLNESS & Dallas TX            02/06",-108.00,DEBIT_CARD,1706.16,,
DEBIT,02/06/2025,"CASH APP*ARAY GUEVARA Oakland CA             02/06",-7.00,DEBIT_CARD,1814.16,,
DEBIT,02/06/2025,"CASH APP*TOMMY LEE Oakland CA                02/06",-7.00,DEBIT_CARD,1821.16,,
DEBIT,02/06/2025,"Zelle payment to ROSS YENERICH JPM99ax7w90s",-12.50,CHASE_TO_PARTNERFI,1828.16,,
DEBIT,02/06/2025,"HIGHLEVEL AGENCY SUB GOHIGHLEVEL.C TX        02/06",-297.00,DEBIT_CARD,1840.66,,
DEBIT,02/05/2025,"ORIG CO NAME:PAYPAL                 ORIG ID:PAYPALSI77 DESC DATE:250204 CO ENTRY DESCR:INST XFER SEC:WEB    TRACE#:091000011789193 EED:250205   IND ID:RYANCO1976                   IND NAME:MARK GUNDRUM                                                                                                 INSTANT TRANSFER TRN: 0361789193TC",-7.00,MISC_DEBIT,2137.66,,
DEBIT,02/04/2025,"ORIG CO NAME:PAYPAL                 ORIG ID:PAYPALSI77 DESC DATE:250204 CO ENTRY DESCR:INST XFER SEC:WEB    TRACE#:021000021729854 EED:250204   IND ID:KENTONB048                   IND NAME:MARK GUNDRUM                                                                                                 250204PPZP17 TRN: 0351729854TC",-7.00,MISC_DEBIT,2144.66,,
DEBIT,02/04/2025,"Zelle payment to Wayron Rpb Reviewee JPM99ax3urte",-7.00,CHASE_TO_PARTNERFI,2151.66,,
DEBIT,02/04/2025,"CASH APP*OFFICIALTRL Oakland CA              02/04",-7.00,DEBIT_CARD,2158.66,,
DEBIT,02/04/2025,"CASH APP*SANDRA GALLEGO Oakland CA           02/03",-7.00,DEBIT_CARD,2165.66,,
DEBIT,02/04/2025,"INDEXSY RICHMOND BC                          02/03",-81.00,DEBIT_CARD,2172.66,,
DEBIT,02/04/2025,"APPLE CASH SENT MONE 1INFINITELOOP CA        02/03",-10.00,DEBIT_CARD,2253.66,,
CREDIT,02/04/2025,"Zelle payment from ACI ENTERPRISE, LLC WFCT0YHJJ737",1000.00,PARTNERFI_TO_CHASE,2263.66,,
DEBIT,02/03/2025,"RTP/Same Day - Low Value",-7.07,FEE_TRANSACTION,1263.66,,
DEBIT,02/03/2025,"Online Transfer to  CHK ...0068 transaction#: 23550927283 02/03",-350.00,ACCT_XFER,1270.73,,
DEBIT,02/03/2025,"ORIG CO NAME:CHASE CREDIT CRD       ORIG ID:4760039224 DESC DATE:250131 CO ENTRY DESCR:AUTOPAYBUSSEC:PPD    TRACE#:021000020548550 EED:250203   IND ID:                             IND NAME:GUNDRUM MARK D TRN: 0340548550TC",-40.00,ACH_DEBIT,1620.73,,
DEBIT,02/03/2025,"HIGHLEVEL INC. GOHIGHLEVEL.C TX              02/02",-12.00,DEBIT_CARD,1660.73,,
DEBIT,02/03/2025,"Online Transfer to CHK ...0068 transaction#: 23584666424 02/03",-200.00,ACCT_XFER,1672.73,,
DEBIT,02/03/2025,"CASH APP*DEONDRE WHITE Oakland CA            02/01",-7.00,DEBIT_CARD,1872.73,,
DEBIT,01/31/2025,"MONTHLY SERVICE FEE",-15.00,FEE_TRANSACTION,1879.73,,
DEBIT,01/31/2025,"Online Transfer to CHK ...0068 transaction#: 23564356172 01/31",-200.00,ACCT_XFER,1894.73,,
DEBIT,01/31/2025,"BOOST MOBILE 833-502-6678 CO                 01/30",-61.08,DEBIT_CARD,2094.73,,
DEBIT,01/30/2025,"INDEXSY RICHMOND BC                          01/29",-90.00,DEBIT_CARD,2155.81,,
CREDIT,01/30/2025,"Zelle payment from NORMAN VENSOR PNCAA0Plx84n",35.00,PARTNERFI_TO_CHASE,2245.81,,
CREDIT,01/30/2025,"ORIG CO NAME:KuriosBrand LLC        ORIG ID:814357085  DESC DATE:250130 CO ENTRY DESCR:26F27ADC6ESEC:PPD    TRACE#:211370152084282 EED:250130   IND ID:                             IND NAME:MARK GUNDRUM TRN: 0302084282TC",412.92,MISC_CREDIT,2210.81,,
DEBIT,01/27/2025,"TERRY BLACK'S BBQ DALLA DALLAS TX            01/25",-24.71,DEBIT_CARD,1797.89,,
DEBIT,01/27/2025,"HIGHLEVEL INC. GOHIGHLEVEL.C TX              01/24",-100.00,DEBIT_CARD,1822.60,,
DEBIT,01/24/2025,"APPLE.COM/BILL 866-712-7753 CA               01/24",-41.99,DEBIT_CARD,1922.60,,
CREDIT,01/23/2025,"ORIG CO NAME:TRADELINESUPPLY2       ORIG ID:823968354  DESC DATE:       CO ENTRY DESCR:CREDITS   SEC:PPD    TRACE#:043000096629495 EED:250123   IND ID:                             IND NAME:MARK GUNDRUM TRN: 0236629495TC",402.50,ACH_CREDIT,1964.59,,
CREDIT,01/22/2025,"ORIG CO NAME:KuriosBrand LLC        ORIG ID:814357085  DESC DATE:250122 CO ENTRY DESCR:FF1C531F98SEC:PPD    TRACE#:211370154045727 EED:250122   IND ID:                             IND NAME:MARK GUNDRUM TRN: 0224045727TC",181.00,MISC_CREDIT,1562.09,,
DEBIT,01/21/2025,"Online Transfer to CHK ...0068 transaction#: 23459078567 01/21",-800.00,ACCT_XFER,1381.09,,
DEBIT,01/21/2025,"Online Transfer to CHK ...0068 transaction#: 23429433852 01/21",-100.00,ACCT_XFER,2181.09,,
CREDIT,01/21/2025,"Zelle payment from ACI ENTERPRISE, LLC WFCT0YG6XG8R",1000.00,PARTNERFI_TO_CHASE,2281.09,,
DEBIT,01/16/2025,"CASH APP*DES ELLIS Oakland CA                01/16",-7.00,DEBIT_CARD,1281.09,,
DEBIT,01/16/2025,"APPLE.COM/BILL 866-712-7753 CA               01/15",-9.99,DEBIT_CARD,1288.09,,
CREDIT,01/15/2025,"ORIG CO NAME:KuriosBrand LLC        ORIG ID:814357085  DESC DATE:250115 CO ENTRY DESCR:0F3B6A45D6SEC:PPD    TRACE#:211370155663715 EED:250115   IND ID:                             IND NAME:MARK GUNDRUM TRN: 0155663715TC",104.00,MISC_CREDIT,1298.08,,
DEBIT,01/14/2025,"Zelle payment to ROSS YENERICH JPM99auvsf0t",-5.00,CHASE_TO_PARTNERFI,1194.08,,
DEBIT,01/14/2025,"CASH APP*GALLO Oakland CA                    01/13",-7.00,DEBIT_CARD,1199.08,,
DEBIT,01/13/2025,"Zelle payment to William Dallas Reviewee JPM99aus8bhu",-7.00,CHASE_TO_PARTNERFI,1206.08,,
DEBIT,01/10/2025,"ORIG CO NAME:SELF LENDER INC        ORIG ID:473596202  DESC DATE:       CO ENTRY DESCR:PAYMENTS  SEC:WEB    TRACE#:096001012227158 EED:250110   IND ID:111834821                    IND NAME:MARK GUNDRUM TRN: 0102227158TC",-48.00,MISC_DEBIT,1213.08,,
DEBIT,01/08/2025,"Online Transfer to CHK ...0068 transaction#: 23322368428 01/08",-100.00,ACCT_XFER,1261.08,,
DEBIT,01/08/2025,"Same-Day ACH Payroll Payment 11157892891 to ######4224",-707.00,BASIC_PAYROLL,1361.08,,
DEBIT,01/08/2025,"Online Transfer to CHK ...0068 transaction#: 23320984446 01/08",-500.00,ACCT_XFER,2068.08,,
CREDIT,01/08/2025,"ORIG CO NAME:KuriosBrand LLC        ORIG ID:814357085  DESC DATE:250108 CO ENTRY DESCR:259C06816CSEC:PPD    TRACE#:211370159177816 EED:250108   IND ID:                             IND NAME:MARK GUNDRUM TRN: 0089177816TC",150.00,MISC_CREDIT,2568.08,,
CREDIT,01/08/2025,"Online Transfer from CHK ...0068 transaction#: 23321077927",200.00,ACCT_XFER,2418.08,,
CREDIT,01/08/2025,"Online Transfer from CHK ...0068 transaction#: 23321046749",700.00,ACCT_XFER,2218.08,,
DEBIT,01/07/2025,"APPLE.COM/BILL 866-712-7753 CA               01/07",-9.99,DEBIT_CARD,1518.08,,
CREDIT,01/07/2025,"Online Transfer from CHK ...0068 transaction#: 23311232054",500.00,ACCT_XFER,1528.07,,
DEBIT,01/06/2025,"HIGHLEVEL AGENCY SUB GOHIGHLEVEL.C TX        01/06",-297.00,DEBIT_CARD,1028.07,,
CREDIT,01/06/2025,"ORIG CO NAME:KuriosBrand LLC        ORIG ID:814357085  DESC DATE:250106 CO ENTRY DESCR:84D935A18FSEC:PPD    TRACE#:211370156098334 EED:250106   IND ID:                             IND NAME:MARK GUNDRUM TRN: 0066098334TC",303.50,MISC_CREDIT,1325.07,,
DEBIT,01/02/2025,"ORIG CO NAME:CHASE CREDIT CRD       ORIG ID:4760039224 DESC DATE:250101 CO ENTRY DESCR:AUTOPAYBUSSEC:PPD    TRACE#:021000029555455 EED:250102   IND ID:                             IND NAME:GUNDRUM MARK D TRN: 0029555455TC",-40.00,ACH_DEBIT,1021.57,,
DEBIT,12/31/2024,"MONTHLY SERVICE FEE",-15.00,FEE_TRANSACTION,1061.57,,
CHECK,12/31/2024,"CHECK 183319  ",-402.50,CHECK_PAID,1076.57,183319,
DEBIT,12/30/2024,"ORIG CO NAME:Credit Strong          ORIG ID:5122002794 DESC DATE:122824 CO ENTRY DESCR:CSTR PAYMTSEC:WEB    TRACE#:114994038577705 EED:241230   IND ID:1681923                      IND NAME:Mark Gundrum TRN: 3658577705TC",-99.00,MISC_DEBIT,1479.07,,
DEBIT,12/30/2024,"Zelle payment to Oscar Cruz JPM99atsy7ns",-350.00,CHASE_TO_PARTNERFI,1578.07,,
CREDIT,12/30/2024,"ORIG CO NAME:KuriosBrand LLC        ORIG ID:814357085  DESC DATE:241230 CO ENTRY DESCR:78B6778DC9SEC:PPD    TRACE#:211370155391015 EED:241230   IND ID:                             IND NAME:MARK GUNDRUM TRN: 3655391015TC",302.88,MISC_CREDIT,1928.07,,
DEBIT,12/24/2024,"Payment to Chase card ending in 4252 12/24",-500.00,LOAN_PMT,1625.19,,
CREDIT,12/24/2024,"Online Transfer from CHK ...0068 transaction#: 23161838305",200.00,ACCT_XFER,2125.19,,
DEBIT,12/19/2024,"Zelle payment to ROSS YENERICH JPM99at6sz2l",-40.50,CHASE_TO_PARTNERFI,1925.19,,
DEBIT,12/18/2024,"ORIG CO NAME:VENMO                  ORIG ID:3264681992 DESC DATE:241217 CO ENTRY DESCR:PAYMENT   SEC:WEB    TRACE#:091000011524937 EED:241218   IND ID:1039031295154                IND NAME:MARK GUNDRUM TRN: 3531524937TC",-7.00,MISC_DEBIT,1965.69,,
CREDIT,12/18/2024,"ORIG CO NAME:KuriosBrand LLC        ORIG ID:814357085  DESC DATE:241218 CO ENTRY DESCR:92A4A4E214SEC:PPD    TRACE#:211370151507963 EED:241218   IND ID:                             IND NAME:MARK GUNDRUM TRN: 3531507963TC",280.77,MISC_CREDIT,1972.69,,
DEBIT,12/17/2024,"ORIG CO NAME:PAYPAL                 ORIG ID:PAYPALSI77 DESC DATE:241216 CO ENTRY DESCR:INST XFER SEC:WEB    TRACE#:091000017554663 EED:241217   IND ID:VIVSAVAGE626                 IND NAME:MARK GUNDRUM                                                                                                 INSTANT TRANSFER TRN: 3527554663TC",-7.00,MISC_DEBIT,1691.92,,
DEBIT,12/17/2024,"ORIG CO NAME:PAYPAL                 ORIG ID:PAYPALSI77 DESC DATE:241216 CO ENTRY DESCR:INST XFER SEC:WEB    TRACE#:091000017529124 EED:241217   IND ID:VIVSAVAGE626                 IND NAME:MARK GUNDRUM                                                                                                 INSTANT TRANSFER TRN: 3527529124TC",-7.00,MISC_DEBIT,1698.92,,
DEBIT,12/17/2024,"ORIG CO NAME:PAYPAL                 ORIG ID:PAYPALSI77 DESC DATE:241216 CO ENTRY DESCR:INST XFER SEC:WEB    TRACE#:091000017529136 EED:241217   IND ID:JAWDROPPERZZ31               IND NAME:MARK GUNDRUM                                                                                                 INSTANT TRANSFER TRN: 3527529136TC",-8.00,MISC_DEBIT,1705.92,,
CREDIT,12/17/2024,"Online Transfer from SAV ...7036 transaction#: 23086431202",200.00,ACCT_XFER,1713.92,,
DEBIT,12/16/2024,"ORIG CO NAME:PAYPAL                 ORIG ID:PAYPALSI77 DESC DATE:241216 CO ENTRY DESCR:INST XFER SEC:WEB    TRACE#:021000025653385 EED:241216   IND ID:WYATTWONG95                  IND NAME:MARK GUNDRUM                                                                                                 241216PPZA4W TRN: 3515653385TC",-6.00,MISC_DEBIT,1513.92,,
DEBIT,12/16/2024,"Payment to Chase card ending in 4252 12/16",-200.00,LOAN_PMT,1519.92,,
DEBIT,12/13/2024,"ORIG CO NAME:PAYPAL                 ORIG ID:PAYPALSI77 DESC DATE:241212 CO ENTRY DESCR:INST XFER SEC:WEB    TRACE#:091000011706384 EED:241213   IND ID:HAILEY102611                 IND NAME:MARK GUNDRUM                                                                                                 INSTANT TRANSFER TRN: 3481706384TC",-5.00,MISC_DEBIT,1719.92,,
DEBIT,12/13/2024,"ORIG CO NAME:PAYPAL                 ORIG ID:PAYPALSI77 DESC DATE:241212 CO ENTRY DESCR:INST XFER SEC:WEB    TRACE#:091000011661496 EED:241213   IND ID:ATYEAR2021                   IND NAME:MARK GUNDRUM                                                                                                 INSTANT TRANSFER TRN: 3481661496TC",-5.00,MISC_DEBIT,1724.92,,
DEBIT,12/13/2024,"KOALA.SH KOALA.SH FL                         12/12",-17.50,DEBIT_CARD,1729.92,,
DEBIT,12/12/2024,"ORIG CO NAME:PAYPAL                 ORIG ID:PAYPALSI77 DESC DATE:241211 CO ENTRY DESCR:INST XFER SEC:WEB    TRACE#:091000012843924 EED:241212   IND ID:DYLANSINGLETON4              IND NAME:MARK GUNDRUM                                                                                                 INSTANT TRANSFER TRN: 3472843924TC",-5.00,MISC_DEBIT,1747.42,,
DEBIT,12/12/2024,"ORIG CO NAME:PAYPAL                 ORIG ID:PAYPALSI77 DESC DATE:241211 CO ENTRY DESCR:INST XFER SEC:WEB    TRACE#:091000012843943 EED:241212   IND ID:ATYEAR2021                   IND NAME:MARK GUNDRUM                                                                                                 INSTANT TRANSFER TRN: 3472843943TC",-7.00,MISC_DEBIT,1752.42,,
DEBIT,12/11/2024,"AIRBNB * HM8S25CPS8 AIRBNB.COM CA            12/11",-235.33,DEBIT_CARD,1759.42,,
DEBIT,12/11/2024,"ZIPCHAT AI  STARTER WWW.ZIPCHAT.A DE         12/10",-49.00,DEBIT_CARD,1994.75,,
DEBIT,12/10/2024,"Zelle payment to Rpb Reviewee JPM99aspeyfy",-7.00,CHASE_TO_PARTNERFI,2043.75,,
DEBIT,12/10/2024,"Payment to Chase card ending in 4252 12/10",-200.00,LOAN_PMT,2050.75,,
DEBIT,12/10/2024,"ORIG CO NAME:PAYPAL                 ORIG ID:PAYPALSI77 DESC DATE:241209 CO ENTRY DESCR:INST XFER SEC:WEB    TRACE#:091000017361678 EED:241210   IND ID:ATYEAR2021                   IND NAME:MARK GUNDRUM                                                                                                 INSTANT TRANSFER TRN: 3457361678TC",-7.00,MISC_DEBIT,2250.75,,
DEBIT,12/10/2024,"KURIOSBRAND KURIOSBRAND.C WI                 12/09",-127.00,DEBIT_CARD,2257.75,,
DEBIT,12/10/2024,"ZIPCHAT AI  STARTER WWW.ZIPCHAT.A DE         12/09",-49.00,DEBIT_CARD,2384.75,,
CREDIT,12/10/2024,"Online Transfer from CHK ...0068 transaction#: 23005248546",1200.00,ACCT_XFER,2433.75,,
DEBIT,12/09/2024,"Zelle payment to Damianye 2 JPM99asn2kg4",-7.00,CHASE_TO_PARTNERFI,1233.75,,
DEBIT,12/09/2024,"MIDJOURNEY INC. HTTPSWWW.MIDJ CA             12/07",-10.50,DEBIT_CARD,1240.75,,
DEBIT,12/09/2024,"10WEB.IO 10WEB.IO DE                         12/06",-136.00,DEBIT_CARD,1251.25,,
DEBIT,12/06/2024,"Zelle payment to Wells Fargo Biz Account JPM99ash4q7p",-1000.00,CHASE_TO_PARTNERFI,1387.25,,
DEBIT,12/06/2024,"ORIG CO NAME:WELLS FARGO IFI        ORIG ID:INTFIDTVOS DESC DATE:120524 CO ENTRY DESCR:ACCTVERIFYSEC:WEB    TRACE#:091000016108568 EED:241206   IND ID:TD0QHMKJ9P                   IND NAME:MARK GUNDRUM TRN: 3416108568TC",-0.70,ACH_DEBIT,2387.25,,
DEBIT,12/06/2024,"ORIG CO NAME:PAYPAL                 ORIG ID:PAYPALSI77 DESC DATE:241205 CO ENTRY DESCR:INST XFER SEC:WEB    TRACE#:091000011438751 EED:241206   IND ID:TOYCOLLECTOR214              IND NAME:MARK GUNDRUM                                                                                                 INSTANT TRANSFER TRN: 3411438751TC",-6.00,MISC_DEBIT,2387.95,,
DEBIT,12/06/2024,"HIGHLEVEL AGENCY SUB GOHIGHLEVEL.C TX        12/06",-195.96,DEBIT_CARD,2393.95,,
DEBIT,12/06/2024,"HIGHLEVEL INC. GOHIGHLEVEL.C TX              12/05",-100.00,DEBIT_CARD,2589.91,,
CREDIT,12/06/2024,"ORIG CO NAME:WELLS FARGO IFI        ORIG ID:INTFIDTVOS DESC DATE:120524 CO ENTRY DESCR:ACCTVERIFYSEC:PPD    TRACE#:091000016108527 EED:241206   IND ID:                             IND NAME:MARK GUNDRUM TRN: 3416108527TC",0.24,ACH_CREDIT,2689.91,,
CREDIT,12/06/2024,"ORIG CO NAME:WELLS FARGO IFI        ORIG ID:INTFIDTVOS DESC DATE:120524 CO ENTRY DESCR:ACCTVERIFYSEC:PPD    TRACE#:091000016108528 EED:241206   IND ID:                             IND NAME:MARK GUNDRUM TRN: 3416108528TC",0.46,ACH_CREDIT,2689.67,,
DEBIT,12/05/2024,"ORIG CO NAME:PAYPAL                 ORIG ID:PAYPALSI77 DESC DATE:241204 CO ENTRY DESCR:INST XFER SEC:WEB    TRACE#:091000016687814 EED:241205   IND ID:TOYCOLLECTOR214              IND NAME:MARK GUNDRUM                                                                                                 INSTANT TRANSFER TRN: 3406687814TC",-7.00,MISC_DEBIT,2689.21,,
DEBIT,12/05/2024,"ORIG CO NAME:PAYPAL                 ORIG ID:PAYPALSI77 DESC DATE:241204 CO ENTRY DESCR:INST XFER SEC:WEB    TRACE#:091000016694525 EED:241205   IND ID:TOYCOLLECTOR214              IND NAME:MARK GUNDRUM                                                                                                 INSTANT TRANSFER TRN: 3406694525TC",-10.00,MISC_DEBIT,2696.21,,
DEBIT,12/05/2024,"ORIG CO NAME:PAYPAL                 ORIG ID:PAYPALSI77 DESC DATE:241204 CO ENTRY DESCR:INST XFER SEC:WEB    TRACE#:091000016694245 EED:241205   IND ID:KUTTYMANDY7                  IND NAME:MARK GUNDRUM                                                                                                 INSTANT TRANSFER TRN: 3406694245TC",-11.00,MISC_DEBIT,2706.21,,
CREDIT,12/05/2024,"ORIG CO NAME:KuriosBrand LLC        ORIG ID:814357085  DESC DATE:241205 CO ENTRY DESCR:F85BFAFAB1SEC:PPD    TRACE#:211370156689270 EED:241205   IND ID:                             IND NAME:MARK GUNDRUM TRN: 3406689270TC",270.71,MISC_CREDIT,2717.21,,
CREDIT,12/05/2024,"Online Transfer from CHK ...0068 transaction#: 22949349537",1000.00,ACCT_XFER,2446.50,,
DEBIT,12/04/2024,"OPENAI *CHATGPT SUBS HTTPSOPENAI.C CA        12/03",-20.00,DEBIT_CARD,1446.50,,
DEBIT,12/03/2024,"Payment to Chase card ending in 0678 12/03",-500.00,LOAN_PMT,1466.50,,
DEBIT,12/03/2024,"Zelle payment to Big Daddy Tc Reviewee JPM99as9lo9d",-7.00,CHASE_TO_PARTNERFI,1966.50,,
CREDIT,12/03/2024,"ORIG CO NAME:KuriosBrand LLC        ORIG ID:814357085  DESC DATE:241203 CO ENTRY DESCR:74E2C372EBSEC:PPD    TRACE#:211370150302228 EED:241203   IND ID:                             IND NAME:MARK GUNDRUM TRN: 3380302228TC",321.00,MISC_CREDIT,1973.50,,
DEBIT,12/02/2024,"Zelle payment to Big Daddy Tc Reviewee JPM99as2o7p7",-7.00,CHASE_TO_PARTNERFI,1652.50,,
DEBIT,11/29/2024,"MONTHLY SERVICE FEE",-15.00,FEE_TRANSACTION,1659.50,,
DEBIT,11/27/2024,"Payment to Chase card ending in 0678 11/27",-500.00,LOAN_PMT,1674.50,,
DEBIT,11/27/2024,"Fiverr 855-5859699 NY                        11/26",-34.65,DEBIT_CARD,2174.50,,
DEBIT,11/26/2024,"CASH APP*KYLE BRODNAX 800-9691940 CA         11/25",-7.00,DEBIT_CARD,2209.15,,
DEBIT,11/26/2024,"CASH APP*GALLO 800-9691940 CA                11/25",-7.00,DEBIT_CARD,2216.15,,
DEBIT,11/26/2024,"CASH APP*JEKAMIAN ROYA 800-9691940 CA        11/25",-7.00,DEBIT_CARD,2223.15,,
DEBIT,11/26/2024,"CASH APP*JOSE BELTRAN 800-9691940 CA         11/25",-7.00,DEBIT_CARD,2230.15,,
CREDIT,11/26/2024,"Online Transfer from CHK ...0068 transaction#: 22847564082",600.00,ACCT_XFER,2237.15,,
DEBIT,11/22/2024,"ELEVENLABS* C25187B9 ELEVENLABS.IO NY        11/21",-5.00,DEBIT_CARD,1637.15,,
DEBIT,11/22/2024,"CANVA* I04342-729998 HTTPSCANVA.CO DE        11/21",-12.99,DEBIT_CARD,1642.15,,
CREDIT,11/21/2024,"ORIG CO NAME:KuriosBrand LLC        ORIG ID:814357085  DESC DATE:241121 CO ENTRY DESCR:8D54D3C0B4SEC:PPD    TRACE#:211370151746765 EED:241121   IND ID:                             IND NAME:MARK GUNDRUM TRN: 3261746765TC",246.00,MISC_CREDIT,1655.14,,
DEBIT,11/18/2024,"Payment to Chase card ending in 0678 11/18",-500.00,LOAN_PMT,1409.14,,
DEBIT,11/18/2024,"AIRBNB * HM8S25CPS8 AIRBNB.COM CA            11/16",-1296.51,DEBIT_CARD,1909.14,,
DEBIT,11/15/2024,"Online Transfer to CHK ...0068 transaction#: 22734771658 11/15",-400.00,ACCT_XFER,3205.65,,
DEBIT,11/15/2024,"ORIG CO NAME:VENMO                  ORIG ID:3264681992 DESC DATE:241114 CO ENTRY DESCR:PAYMENT   SEC:WEB    TRACE#:091000014235385 EED:241115   IND ID:1038246618401                IND NAME:MARK GUNDRUM TRN: 3204235385TC",-15.00,MISC_DEBIT,3605.65,,
CREDIT,11/15/2024,"Online Transfer from CHK ...0068 transaction#: 22734786533",1000.00,ACCT_XFER,3620.65,,
DEBIT,11/14/2024,"ORIG CO NAME:VENMO                  ORIG ID:3264681992 DESC DATE:241113 CO ENTRY DESCR:PAYMENT   SEC:WEB    TRACE#:091000011703570 EED:241114   IND ID:1038226437984                IND NAME:MARK GUNDRUM TRN: 3191703570TC",-5.90,MISC_DEBIT,2620.65,,
DEBIT,11/14/2024,"HELP.USEMOTION.COM HELP.USEMOTIO CA          11/14",-228.00,DEBIT_CARD,2626.55,,
CREDIT,11/14/2024,"ORIG CO NAME:KuriosBrand LLC        ORIG ID:814357085  DESC DATE:241114 CO ENTRY DESCR:5757A8DE68SEC:PPD    TRACE#:211370158910202 EED:241114   IND ID:                             IND NAME:MARK GUNDRUM TRN: 3198910202TC",117.00,MISC_CREDIT,2854.55,,
DEBIT,11/13/2024,"Payment to Chase card ending in 4252 11/13",-300.00,LOAN_PMT,2737.55,,
DEBIT,11/12/2024,"Zelle payment to ROSS YENERICH JPM99ar13nu5",-55.00,CHASE_TO_PARTNERFI,3037.55,,
DEBIT,11/12/2024,"HIGHLEVEL AGENCY SUB GOHIGHLEVEL.C TX        11/11",-152.74,DEBIT_CARD,3092.55,,
DEBIT,11/12/2024,"ZIPCHAT AI  STARTER WWW.ZIPCHAT.A DE         11/10",-49.00,DEBIT_CARD,3245.29,,
DEBIT,11/12/2024,"ZIPCHAT AI  STARTER WWW.ZIPCHAT.A DE         11/09",-49.00,DEBIT_CARD,3294.29,,
DEBIT,11/12/2024,"KURIOSBRAND KURIOSBRAND.C WI                 11/09",-127.00,DEBIT_CARD,3343.29,,
DEBIT,11/12/2024,"HIGHLEVEL INC. GOHIGHLEVEL.C TX              11/09",-97.00,DEBIT_CARD,3470.29,,
CREDIT,11/12/2024,"Online Transfer from CHK ...0068 transaction#: 22694573777",350.00,ACCT_XFER,3567.29,,
DEBIT,11/08/2024,"Online Transfer to CHK ...0068 transaction#: 22657919647 11/08",-1000.00,ACCT_XFER,3217.29,,
DEBIT,11/08/2024,"Online Transfer to SAV ...7036 transaction#: 22657895554 11/08",-3200.00,ACCT_XFER,4217.29,,
DEBIT,11/08/2024,"MIDJOURNEY INC. HTTPSWWW.MIDJ CA             11/07",-10.50,DEBIT_CARD,7417.29,,
DEBIT,11/08/2024,"NAME-CHEAP.COM* YJX8 WWW.NAMECHEAP AZ        11/07",-22.92,DEBIT_CARD,7427.79,,
DEBIT,11/08/2024,"BOOST MOBILE 833-502-6678 CO                 11/07",-65.06,DEBIT_CARD,7450.71,,
CREDIT,11/08/2024,"Zelle payment from WILLARD CONSTRUCTION GROUP LLC BACjp0657trm",4500.00,PARTNERFI_TO_CHASE,7515.77,,
DEBIT,11/06/2024,"HIGHLEVEL AGENCY SUB GOHIGHLEVEL.C TX        11/06",-287.00,DEBIT_CARD,3015.77,,
DEBIT,11/05/2024,"ORIG CO NAME:VENMO                  ORIG ID:3264681992 DESC DATE:241104 CO ENTRY DESCR:PAYMENT   SEC:WEB    TRACE#:091000015102592 EED:241105   IND ID:1038026110391                IND NAME:MARK GUNDRUM TRN: 3105102592TC",-1250.00,MISC_DEBIT,3302.77,,
DEBIT,11/05/2024,"SP 537D4B-C4 157-56496237 NM                 11/04",-8.32,DEBIT_CARD,4552.77,,
DEBIT,11/05/2024,"KURIOSBRAND KURIOSBRAND.C WI                 11/04",-14.99,DEBIT_CARD,4561.09,,
DEBIT,11/05/2024,"HIGHLEVEL INC. GOHIGHLEVEL.C TX              11/04",-10.00,DEBIT_CARD,4576.08,,
DEBIT,11/05/2024,"KURIOSBRAND HTTPSWWW.KURI WI                 11/04",-14.99,DEBIT_CARD,4586.08,,
DEBIT,11/05/2024,"HIGHLEVEL INC. GOHIGHLEVEL.C TX              11/04",-10.00,DEBIT_CARD,4601.07,,
DEBIT,11/04/2024,"ORIG CO NAME:CHASE CREDIT CRD       ORIG ID:4760039224 DESC DATE:241101 CO ENTRY DESCR:AUTOPAYBUSSEC:PPD    TRACE#:021000023267650 EED:241104   IND ID:                             IND NAME:GUNDRUM MARK D TRN: 3093267650TC",-40.00,ACH_DEBIT,4611.07,,
DEBIT,11/04/2024,"OPENAI *CHATGPT SUBS HTTPSOPENAI.C CA        11/03",-20.00,DEBIT_CARD,4651.07,,
DEBIT,11/04/2024,"CASH APP*VAGUEZ DAMIANY Oakland CA           11/03",-6.00,DEBIT_CARD,4671.07,,
DEBIT,11/04/2024,"CASH APP*ASHLEY RICARDO Oakland CA           11/03",-10.00,DEBIT_CARD,4677.07,,
DEBIT,11/04/2024,"CASH APP*JASMIN Oakland CA                   11/02",-5.00,DEBIT_CARD,4687.07,,
DEBIT,11/04/2024,"10WEB.IO HTTPS10WEB.IO DE                    11/01",-136.00,DEBIT_CARD,4692.07,,
DEBIT,11/01/2024,"HIGHLEVEL INC. GOHIGHLEVEL.C TX              10/31",-100.00,DEBIT_CARD,4828.07,,
DEBIT,10/31/2024,"MONTHLY SERVICE FEE",-15.00,FEE_TRANSACTION,4928.07,,
DEBIT,10/31/2024,"Payment to Chase card ending in 4252 10/31",-500.00,LOAN_PMT,4943.07,,
CREDIT,10/30/2024,"ORIG CO NAME:KuriosBrand LLC        ORIG ID:814357085  DESC DATE:241030 CO ENTRY DESCR:FC16C8D733SEC:PPD    TRACE#:211370150595126 EED:241030   IND ID:                             IND NAME:MARK GUNDRUM TRN: 3040595126TC",450.00,MISC_CREDIT,5443.07,,
DEBIT,10/29/2024,"Online Transfer to CHK ...0068 transaction#: 22537246378 10/29",-600.00,ACCT_XFER,4993.07,,
DEBIT,10/29/2024,"Online Transfer to CHK ...0068 transaction#: 22536885659 10/29",-500.00,ACCT_XFER,5593.07,,
DEBIT,10/29/2024,"ORIG CO NAME:PETER LUMUMBA          ORIG ID:770510487C DESC DATE:       CO ENTRY DESCR:IAT PAYPALSEC:WEB    TRACE#:091000013062023 EED:241029   IND ID:1037867909562                IND NAME:MARK GUNDRUM                                                                                                 IATCV TRN: 3033062023TC",-6.00,MISC_DEBIT,6093.07,,
DEBIT,10/29/2024,"Fiverr 855-5859699 NY                        10/27",-8.28,DEBIT_CARD,6099.07,,
CREDIT,10/29/2024,"Online Transfer from CHK ...0068 transaction#: 22535056675",300.00,ACCT_XFER,6107.35,,
CREDIT,10/29/2024,"Zelle payment from WILLARD CONSTRUCTION GROUP LLC BACqfcynz8xs",4500.00,PARTNERFI_TO_CHASE,5807.35,,
DEBIT,10/28/2024,"Online Transfer to CHK ...0068 transaction#: 22519713320 10/28",-200.00,ACCT_XFER,1307.35,,
CREDIT,10/28/2024,"Zelle payment from CHRISTIAN WILLARD BACo46grjeps",75.00,PARTNERFI_TO_CHASE,1507.35,,
DEBIT,10/25/2024,"CASH APP*EMILY BRADFORD Oakland CA           10/25",-6.00,DEBIT_CARD,1432.35,,
DEBIT,10/22/2024,"ELEVENLABS.IO-C25187 ELEVENLABS.IO NY        10/21",-5.00,DEBIT_CARD,1438.35,,
DEBIT,10/22/2024,"CANVA* I04311-716221 HTTPSCANVA.CO DE        10/21",-12.99,DEBIT_CARD,1443.35,,
CREDIT,10/15/2024,"Online Transfer from CHK ...0068 transaction#: 22388061153",400.00,ACCT_XFER,1456.34,,
DEBIT,10/11/2024,"Online Transfer to CHK ...0068 transaction#: 22354384074 10/11",-150.00,ACCT_XFER,1056.34,,
DEBIT,10/11/2024,"ZIPCHAT AI  STARTER WWW.ZIPCHAT.A DE         10/10",-49.00,DEBIT_CARD,1206.34,,
CREDIT,10/11/2024,"ORIG CO NAME:KuriosBrand LLC        ORIG ID:814357085  DESC DATE:241011 CO ENTRY DESCR:1739C76D3DSEC:PPD    TRACE#:211370158370790 EED:241011   IND ID:                             IND NAME:MARK GUNDRUM TRN: 2858370790TC",214.00,MISC_CREDIT,1255.34,,
DEBIT,10/10/2024,"ZIPCHAT AI  STARTER WWW.ZIPCHAT.A DE         10/09",-49.00,DEBIT_CARD,1041.34,,
DEBIT,10/08/2024,"MIDJOURNEY INC. HTTPSWWW.MIDJ CA             10/07",-10.50,DEBIT_CARD,1090.34,,
CREDIT,10/08/2024,"ORIG CO NAME:KuriosBrand LLC        ORIG ID:814357085  DESC DATE:241008 CO ENTRY DESCR:326C92280CSEC:PPD    TRACE#:211370150939144 EED:241008   IND ID:                             IND NAME:MARK GUNDRUM TRN: 2820939144TC",339.00,MISC_CREDIT,1100.84,,
DEBIT,10/07/2024,"META WAVE SOLUTIONS LB NAGAR                 10/07",-3.50,DEBIT_CARD,761.84,,
DEBIT,10/07/2024,"HIGHLEVEL AGENCY SUB HTTPSGOHIGHLE TX        10/06",-297.00,DEBIT_CARD,765.34,,
DEBIT,10/07/2024,"REMARKABLE OSLO                              10/04",-29.00,DEBIT_CARD,1062.34,,
DEBIT,10/04/2024,"OPENAI *CHATGPT SUBS HTTPSOPENAI.C CA        10/03",-20.00,DEBIT_CARD,1091.34,,
DEBIT,10/02/2024,"ORIG CO NAME:CHASE CREDIT CRD       ORIG ID:4760039224 DESC DATE:241001 CO ENTRY DESCR:AUTOPAYBUSSEC:PPD    TRACE#:021000027499392 EED:241002   IND ID:                             IND NAME:GUNDRUM MARK D TRN: 2767499392TC",-40.00,ACH_DEBIT,1111.34,,
DEBIT,10/02/2024,"INDEXSY RICHMOND BC                          10/01",-81.00,DEBIT_CARD,1151.34,,
DEBIT,10/02/2024,"INDEXSY RICHMOND BC                          10/01",-81.00,DEBIT_CARD,1232.34,,
DEBIT,10/02/2024,"GOOGLE *ADS270066549 cc@google.com CA        10/01",-82.14,DEBIT_CARD,1313.34,,
DEBIT,10/02/2024,"10WEB.IO HTTPS10WEB.IO DE                    10/01",-136.00,DEBIT_CARD,1395.48,,
CREDIT,10/01/2024,"Online Transfer from CHK ...0068 transaction#: 22239946526",370.00,ACCT_XFER,1531.48,,
DEBIT,09/30/2024,"MONTHLY SERVICE FEE",-15.00,FEE_TRANSACTION,1161.48,,
DEBIT,09/30/2024,"Online Transfer to CHK ...0068 transaction#: 22211484425 09/30",-150.00,ACCT_XFER,1176.48,,
DEBIT,09/30/2024,"HIGHLEVEL INC. HTTPSGOHIGHLE TX              09/29",-100.00,DEBIT_CARD,1326.48,,
DEBIT,09/25/2024,"META WAVE SOLUTIONS LB NAGAR                 09/24",-3.50,DEBIT_CARD,1426.48,,
CREDIT,09/25/2024,"ORIG CO NAME:KuriosBrand LLC        ORIG ID:814357085  DESC DATE:240925 CO ENTRY DESCR:F0E6237607SEC:PPD    TRACE#:211370155350918 EED:240925   IND ID:                             IND NAME:MARK GUNDRUM TRN: 2695350918TC",321.00,MISC_CREDIT,1429.98,,
DEBIT,09/23/2024,"CASH APP*EMILY BRADFORD Oakland CA           09/22",-4.00,DEBIT_CARD,1108.98,,
DEBIT,09/23/2024,"CASH APP*PAYTON LOWE Oakland CA              09/22",-6.00,DEBIT_CARD,1112.98,,
DEBIT,09/23/2024,"ELEVENLABS.IO-C25187 ELEVENLABS.IO NY        09/21",-5.00,DEBIT_CARD,1118.98,,
DEBIT,09/23/2024,"CANVA* I04281-482946 HTTPSCANVA.CO DE        09/21",-12.99,DEBIT_CARD,1123.98,,
DEBIT,09/23/2024,"CASH APP*PAYTON LOWE Oakland CA              09/20",-6.00,DEBIT_CARD,1136.97,,
DEBIT,09/17/2024,"10WEB.IO HTTPS10WEB.IO DE                    09/16",-7.00,DEBIT_CARD,1142.97,,
CREDIT,09/17/2024,"ORIG CO NAME:KuriosBrand LLC        ORIG ID:814357085  DESC DATE:240917 CO ENTRY DESCR:5F2EA6AF99SEC:PPD    TRACE#:211370157970051 EED:240917   IND ID:                             IND NAME:MARK GUNDRUM TRN: 2617970051TC",122.00,MISC_CREDIT,1149.97,,
CREDIT,09/17/2024,"Online Transfer from CHK ...0068 transaction#: 22087572362",370.00,ACCT_XFER,1027.97,,
DEBIT,09/16/2024,"HIGHLEVEL INC. HTTPSGOHIGHLE TX              09/13",-100.00,DEBIT_CARD,657.97,,
DEBIT,09/13/2024,"CASH APP*KWABENA EKUBAN Oakland CA           09/13",-6.00,DEBIT_CARD,757.97,,
DEBIT,09/13/2024,"CASH APP*EMILY BRADFORD Oakland CA           09/13",-6.00,DEBIT_CARD,763.97,,
DEBIT,09/13/2024,"CASH APP*EMILY BRADFORD Oakland CA           09/13",-6.00,DEBIT_CARD,769.97,,
DEBIT,09/13/2024,"ORIG CO NAME:PETER LUMUMBA          ORIG ID:770510487C DESC DATE:       CO ENTRY DESCR:IAT PAYPALSEC:WEB    TRACE#:091000012280538 EED:240913   IND ID:1036894435913                IND NAME:MARK GUNDRUM                                                                                                 IATCV TRN: 2572280538TC",-6.00,MISC_DEBIT,775.97,,
DEBIT,09/13/2024,"KOALA.SH HTTPSKOALA.SH FL                    09/12",-17.50,DEBIT_CARD,781.97,,
DEBIT,09/13/2024,"CASH APP*GEOVANNI Oakland CA                 09/12",-6.00,DEBIT_CARD,799.47,,
DEBIT,09/13/2024,"CASH APP*GEOVANNI Oakland CA                 09/12",-6.00,DEBIT_CARD,805.47,,
DEBIT,09/13/2024,"CASH APP*RAY OGLESBY Oakland CA              09/12",-6.00,DEBIT_CARD,811.47,,
CREDIT,09/13/2024,"ORIG CO NAME:KuriosBrand LLC        ORIG ID:814357085  DESC DATE:240913 CO ENTRY DESCR:CA19AD3F31SEC:PPD    TRACE#:211370158465735 EED:240913   IND ID:                             IND NAME:MARK GUNDRUM TRN: 2578465735TC",2.23,MISC_CREDIT,817.47,,
CREDIT,09/13/2024,"ORIG CO NAME:KuriosBrand LLC        ORIG ID:814357085  DESC DATE:240913 CO ENTRY DESCR:82E15E7387SEC:PPD    TRACE#:211370158465752 EED:240913   IND ID:                             IND NAME:MARK GUNDRUM TRN: 2578465752TC",220.50,MISC_CREDIT,815.24,,
DEBIT,09/09/2024,"MIDJOURNEY INC. HTTPSWWW.MIDJ CA             09/07",-10.50,DEBIT_CARD,594.74,,
CREDIT,09/09/2024,"ORIG CO NAME:KuriosBrand LLC        ORIG ID:814357085  DESC DATE:240909 CO ENTRY DESCR:7C464C4693SEC:PPD    TRACE#:211370155332778 EED:240909   IND ID:                             IND NAME:MARK GUNDRUM TRN: 2535332778TC",99.00,MISC_CREDIT,605.24,,
DEBIT,09/06/2024,"HIGHLEVEL AGENCY SUB HTTPSGOHIGHLE TX        09/06",-297.00,DEBIT_CARD,506.24,,
DEBIT,09/05/2024,"INDEXSY RICHMOND BC                          09/04",-81.00,DEBIT_CARD,803.24,,
DEBIT,09/05/2024,"INDEXSY RICHMOND BC                          09/04",-81.00,DEBIT_CARD,884.24,,
CREDIT,09/04/2024,"ORIG CO NAME:KuriosBrand LLC        ORIG ID:814357085  DESC DATE:240904 CO ENTRY DESCR:C7EBF5EE52SEC:PPD    TRACE#:211370159813713 EED:240904   IND ID:                             IND NAME:MARK GUNDRUM TRN: 2489813713TC",119.07,MISC_CREDIT,965.24,,
DEBIT,09/03/2024,"Outback Ste  85527401 604-678-3275 DE        09/02",-75.00,DEBIT_CARD,846.17,,
DEBIT,09/03/2024,"GOOGLE *ADS270066549 cc@google.com CA        09/01",-153.53,DEBIT_CARD,921.17,,
DEBIT,09/03/2024,"GOOGLE *ADS524849803 cc@google.com CA        09/01",-12.97,DEBIT_CARD,1074.70,,
DEBIT,09/03/2024,"GOOGLE *ADS507431988 cc@google.com CA        09/01",-66.53,DEBIT_CARD,1087.67,,
DEBIT,09/03/2024,"GOOGLE *ADS351966950 cc@google.com CA        09/01",-12.14,DEBIT_CARD,1154.20,,
DEBIT,09/03/2024,"GOOGLE *ADS644693792 cc@google.com CA        09/01",-9.82,DEBIT_CARD,1166.34,,
DEBIT,09/03/2024,"10WEB.IO HTTPS10WEB.IO DE                    09/01",-122.00,DEBIT_CARD,1176.16,,
DEBIT,09/03/2024,"BOOST MOBILE 833-502-6678 CO                 08/30",-61.06,DEBIT_CARD,1298.16,,
DEBIT,09/03/2024,"KOALA.SH HTTPSKOALA.SH FL                    08/30",240.00,DEBIT_CARD,1359.22,,
DEBIT,08/30/2024,"MONTHLY SERVICE FEE",-15.00,FEE_TRANSACTION,1119.22,,
DEBIT,08/30/2024,"CASH APP*LOUISE FERR San Francisco CA        08/29",-6.00,DEBIT_CARD,1134.22,,
DEBIT,08/30/2024,"KOALA.SH HTTPSKOALA.SH FL                    08/29",-240.00,DEBIT_CARD,1140.22,,
DEBIT,08/30/2024,"CASH APP*SEAN DONOVA San Francisco CA        08/29",-6.00,DEBIT_CARD,1380.22,,
DEBIT,08/30/2024,"CASH APP*DJS San Francisco CA                08/29",-6.00,DEBIT_CARD,1386.22,,
DEBIT,08/30/2024,"CASH APP*RAY OGLESBY San Francisco CA        08/29",-6.00,DEBIT_CARD,1392.22,,
DEBIT,08/30/2024,"LOOMINOST.COM KUALA LUMPUR                   08/29",-33.70,DEBIT_CARD,1398.22,,
CREDIT,08/30/2024,"ORIG CO NAME:KuriosBrand LLC        ORIG ID:814357085  DESC DATE:240830 CO ENTRY DESCR:89CACEBC33SEC:PPD    TRACE#:211370159080954 EED:240830   IND ID:                             IND NAME:MARK GUNDRUM TRN: 2439080954TC",222.91,MISC_CREDIT,1431.92,,
DEBIT,08/29/2024,"CASH APP*TIFFANY GAR San Francisco CA        08/29",-6.00,DEBIT_CARD,1209.01,,
DEBIT,08/29/2024,"CASH APP*M N M San Francisco CA              08/28",-6.00,DEBIT_CARD,1215.01,,
DEBIT,08/29/2024,"CASH APP*JAMES PATTE San Francisco CA        08/28",-6.00,DEBIT_CARD,1221.01,,
DEBIT,08/29/2024,"CASH APP*JONATHAN HA San Francisco CA        08/28",-6.00,DEBIT_CARD,1227.01,,
DEBIT,08/29/2024,"CASH APP*JAMES PATTE San Francisco CA        08/28",-6.00,DEBIT_CARD,1233.01,,
DEBIT,08/29/2024,"CASH APP*TIFFANY GAR San Francisco CA        08/28",-7.00,DEBIT_CARD,1239.01,,
DEBIT,08/29/2024,"CASH APP*TIFFANY GAR San Francisco CA        08/28",-6.00,DEBIT_CARD,1246.01,,
DEBIT,08/28/2024,"ORIG CO NAME:PAYPAL                 ORIG ID:PAYPALSI77 DESC DATE:240827 CO ENTRY DESCR:INST XFER SEC:WEB    TRACE#:091000014914523 EED:240828   IND ID:SWEETBABYJESUSR              IND NAME:MARK GUNDRUM                                                                                                 INSTANT TRANSFER TRN: 2414914523TC",-6.00,MISC_DEBIT,1252.01,,
DEBIT,08/28/2024,"CASH APP*KHRISTOPHER San Francisco CA        08/28",-6.00,DEBIT_CARD,1258.01,,
DEBIT,08/28/2024,"CASH APP*M N M San Francisco CA              08/28",-6.00,DEBIT_CARD,1264.01,,
DEBIT,08/27/2024,"CASH APP*L H San Francisco CA                08/27",-6.00,DEBIT_CARD,1270.01,,
DEBIT,08/27/2024,"CASH APP*SANDRA GALL San Francisco CA        08/27",-6.00,DEBIT_CARD,1276.01,,
DEBIT,08/27/2024,"CASH APP*ANTHONY MAZZA cash.app FL           08/26",-6.00,DEBIT_CARD,1282.01,,
DEBIT,08/27/2024,"CASH APP*KHRISTOPHER San Francisco CA        08/26",-6.00,DEBIT_CARD,1288.01,,
DEBIT,08/26/2024,"Payment to Chase card ending in 0678 08/26",-500.00,LOAN_PMT,1294.01,,
DEBIT,08/23/2024,"LOOMINOST.COM KUALA LUMPUR                   08/22",-33.70,DEBIT_CARD,1794.01,,
DEBIT,08/23/2024,"CASH APP*CHELSEA LEW San Francisco CA        08/22",-6.00,DEBIT_CARD,1827.71,,
DEBIT,08/23/2024,"NAME-CHEAP.COM* WKV3 WWW.NAMECHEAP AZ        08/22",-10.46,DEBIT_CARD,1833.71,,
DEBIT,08/22/2024,"ORIG CO NAME:VENMO                  ORIG ID:3264681992 DESC DATE:240820 CO ENTRY DESCR:PAYMENT   SEC:WEB    TRACE#:091000010212181 EED:240822   IND ID:1036411795274                IND NAME:MARK GUNDRUM TRN: 2350212181TC",-10.00,MISC_DEBIT,1844.17,,
DEBIT,08/22/2024,"ORIG CO NAME:VENMO                  ORIG ID:3264681992 DESC DATE:240820 CO ENTRY DESCR:PAYMENT   SEC:WEB    TRACE#:091000010212451 EED:240822   IND ID:1036413459037                IND NAME:MARK GUNDRUM TRN: 2350212451TC",-15.00,MISC_DEBIT,1854.17,,
DEBIT,08/22/2024,"ELEVENLABS.IO-C25187 ELEVENLABS.IO NY        08/21",-5.00,DEBIT_CARD,1869.17,,
DEBIT,08/22/2024,"CANVA* I04250-725979 HTTPSCANVA.CO DE        08/21",-12.99,DEBIT_CARD,1874.17,,
CREDIT,08/22/2024,"ORIG CO NAME:KuriosBrand LLC        ORIG ID:814357085  DESC DATE:240822 CO ENTRY DESCR:1E6CA18BC4SEC:PPD    TRACE#:211370153049890 EED:240822   IND ID:                             IND NAME:MARK GUNDRUM TRN: 2353049890TC",224.00,MISC_CREDIT,1887.16,,
DEBIT,08/20/2024,"Online Transfer to SAV ...7036 transaction#: 21788149186 08/20",-550.00,ACCT_XFER,1663.16,,
DEBIT,08/20/2024,"ORIG CO NAME:VENMO                  ORIG ID:3264681992 DESC DATE:240819 CO ENTRY DESCR:PAYMENT   SEC:WEB    TRACE#:091000018158125 EED:240820   IND ID:1036392662663                IND NAME:MARK GUNDRUM TRN: 2338158125TC",-6.00,MISC_DEBIT,2213.16,,
DEBIT,08/20/2024,"CASH APP*INFINITE DI San Francisco CA        08/19",-6.00,DEBIT_CARD,2219.16,,
DEBIT,08/20/2024,"CASH APP*ICE MOM San Francisco CA            08/19",-6.00,DEBIT_CARD,2225.16,,
DEBIT,08/20/2024,"CASH APP*CHELSEA LEW San Francisco CA        08/19",-6.00,DEBIT_CARD,2231.16,,
DEBIT,08/20/2024,"CASH APP*ASHLEY RICA San Francisco CA        08/19",-6.00,DEBIT_CARD,2237.16,,
DEBIT,08/20/2024,"CASH APP*ROBERT ROSE San Francisco CA        08/19",-6.00,DEBIT_CARD,2243.16,,
DEBIT,08/20/2024,"CASH APP*BIG BOSS San Francisco CA           08/19",-6.00,DEBIT_CARD,2249.16,,
DEBIT,08/20/2024,"CASH APP*ASHLEY BEAR San Francisco CA        08/19",-6.00,DEBIT_CARD,2255.16,,
CREDIT,08/20/2024,"Online Transfer from CHK ...0068 transaction#: 21790162027",500.00,ACCT_XFER,2261.16,,
DEBIT,08/19/2024,"CASH APP*MURPHY PALM San Francisco CA        08/17",-6.00,DEBIT_CARD,1761.16,,
DEBIT,08/16/2024,"OPENAI *CHATGPT SUBS HTTPSOPENAI.C CA        08/16",-20.00,DEBIT_CARD,1767.16,,
CREDIT,08/16/2024,"ORIG CO NAME:KuriosBrand LLC        ORIG ID:814357085  DESC DATE:240816 CO ENTRY DESCR:DB495CB8F6SEC:PPD    TRACE#:211370153886479 EED:240816   IND ID:                             IND NAME:MARK GUNDRUM TRN: 2293886479TC",236.00,MISC_CREDIT,1787.16,,
DEBIT,08/15/2024,"CASH APP*TRACY ISAAC San Francisco CA        08/15",-6.00,DEBIT_CARD,1551.16,,
DEBIT,08/15/2024,"CASH APP*JONATHAN HA San Francisco CA        08/15",-7.00,DEBIT_CARD,1557.16,,
DEBIT,08/15/2024,"CASH APP*TYYYVB San Francisco CA             08/14",-6.00,DEBIT_CARD,1564.16,,
DEBIT,08/15/2024,"CASH APP*ROB ROBINSO San Francisco CA        08/14",-6.00,DEBIT_CARD,1570.16,,
DEBIT,08/15/2024,"CASH APP*NICHOLAS M San Francisco CA         08/14",-6.00,DEBIT_CARD,1576.16,,
DEBIT,08/15/2024,"CASH APP*TATIANA GRE San Francisco CA        08/14",-6.00,DEBIT_CARD,1582.16,,
DEBIT,08/15/2024,"CASH APP*LEEANN ALEX San Francisco CA        08/14",-6.00,DEBIT_CARD,1588.16,,
DEBIT,08/15/2024,"CASH APP*MELISSA WAS San Francisco CA        08/14",-6.00,DEBIT_CARD,1594.16,,
DEBIT,08/15/2024,"Fiverr 855-5859699 NY                        08/14",-8.28,DEBIT_CARD,1600.16,,
DEBIT,08/15/2024,"Fiverr 855-5859699 NY                        08/14",-8.28,DEBIT_CARD,1608.44,,
DEBIT,08/15/2024,"Fiverr 855-5859699 NY                        08/14",-8.28,DEBIT_CARD,1616.72,,
DEBIT,08/15/2024,"Fiverr 855-5859699 NY                        08/14",-8.28,DEBIT_CARD,1625.00,,
DEBIT,08/14/2024,"Zelle payment to Louis Reviewee JPM99alysroy",-6.00,CHASE_TO_PARTNERFI,1633.28,,
DEBIT,08/14/2024,"Fiverr 855-5859699 NY                        08/13",-8.28,DEBIT_CARD,1639.28,,
DEBIT,08/14/2024,"Fiverr 855-5859699 NY                        08/13",-8.28,DEBIT_CARD,1647.56,,
CREDIT,08/14/2024,"ORIG CO NAME:KuriosBrand LLC        ORIG ID:814357085  DESC DATE:240814 CO ENTRY DESCR:ECF3E56C7CSEC:PPD    TRACE#:211370154226148 EED:240814   IND ID:                             IND NAME:MARK GUNDRUM TRN: 2274226148TC",323.00,MISC_CREDIT,1655.84,,
DEBIT,08/13/2024,"CASH APP*DWAYNE ACRE San Francisco CA        08/13",-6.00,DEBIT_CARD,1332.84,,
DEBIT,08/13/2024,"CASH APP*TATIANA GRE San Francisco CA        08/12",-6.00,DEBIT_CARD,1338.84,,
DEBIT,08/13/2024,"CASH APP*NOT YET cash.app FL                 08/12",-6.00,DEBIT_CARD,1344.84,,
DEBIT,08/13/2024,"CASH APP*MUAHDELICIO San Francisco CA        08/12",-24.00,DEBIT_CARD,1350.84,,
DEBIT,08/13/2024,"CASH APP*JENNA BROWN San Francisco CA        08/12",-6.00,DEBIT_CARD,1374.84,,
DEBIT,08/12/2024,"ORIG CO NAME:VENMO                  ORIG ID:3264681992 DESC DATE:240810 CO ENTRY DESCR:PAYMENT   SEC:WEB    TRACE#:091000011218831 EED:240812   IND ID:1036211005510                IND NAME:MARK GUNDRUM TRN: 2251218831TC",-67.36,MISC_DEBIT,1380.84,,
DEBIT,08/12/2024,"Zelle payment to Brenda JPM99alt9yft",-15.00,CHASE_TO_PARTNERFI,1448.20,,
DEBIT,08/12/2024,"ORIG CO NAME:VENMO                  ORIG ID:3264681992 DESC DATE:240809 CO ENTRY DESCR:PAYMENT   SEC:WEB    TRACE#:091000017271962 EED:240812   IND ID:1036174866842                IND NAME:MARK GUNDRUM TRN: 2257271962TC",-15.00,MISC_DEBIT,1463.20,,
DEBIT,08/12/2024,"ORIG CO NAME:VENMO                  ORIG ID:3264681992 DESC DATE:240809 CO ENTRY DESCR:PAYMENT   SEC:WEB    TRACE#:091000017272126 EED:240812   IND ID:1036175130606                IND NAME:MARK GUNDRUM TRN: 2257272126TC",-30.00,MISC_DEBIT,1478.20,,
DEBIT,08/12/2024,"ORIG CO NAME:VENMO                  ORIG ID:3264681992 DESC DATE:240809 CO ENTRY DESCR:PAYMENT   SEC:WEB    TRACE#:091000017272078 EED:240812   IND ID:1036175098250                IND NAME:MARK GUNDRUM TRN: 2257272078TC",-100.00,MISC_DEBIT,1508.20,,
DEBIT,08/12/2024,"AMAZON MKTPL*RM11E15 Amzn.com/bill WA        08/10",-60.93,DEBIT_CARD,1608.20,,
DEBIT,08/09/2024,"Zelle payment to Jesus 21680246156",-20.00,QUICKPAY_DEBIT,1669.13,,
DEBIT,08/09/2024,"CASH APP*JONATHAN HA San Francisco CA        08/08",-6.00,DEBIT_CARD,1689.13,,
DEBIT,08/08/2024,"MIDJOURNEY INC. HTTPSWWW.MIDJ CA             08/07",-10.50,DEBIT_CARD,1695.13,,
DEBIT,08/08/2024,"CASH APP*NICHOLAS M San Francisco CA         08/07",-6.00,DEBIT_CARD,1705.63,,
DEBIT,08/07/2024,"CASH APP*JONATHAN HA San Francisco CA        08/06",-6.00,DEBIT_CARD,1711.63,,
DEBIT,08/07/2024,"CASH APP*MURPHY PALM San Francisco CA        08/06",-6.00,DEBIT_CARD,1717.63,,
DEBIT,08/07/2024,"OFFICEMAX/DEPOT 6536 800-463-3768 WI         08/06",-16.79,DEBIT_CARD,1723.63,,
CREDIT,08/06/2024,"Online Transfer from CHK ...0068 transaction#: 21646159427",500.00,ACCT_XFER,1740.42,,
DEBIT,08/05/2024,"CASH APP*DACK GALLAG San Francisco CA        08/04",-6.00,DEBIT_CARD,1240.42,,
DEBIT,08/05/2024,"CASH APP*DANIEL OSOR San Francisco CA        08/04",-6.00,DEBIT_CARD,1246.42,,
DEBIT,08/05/2024,"CASH APP*MR ANIME San Francisco CA           08/04",-6.00,DEBIT_CARD,1252.42,,
DEBIT,08/05/2024,"INDEXSY RICHMOND BC                          08/03",-81.00,DEBIT_CARD,1258.42,,
DEBIT,08/05/2024,"BOOST MOBILE 833-502-6678 CO                 08/03",-25.51,DEBIT_CARD,1339.42,,
DEBIT,08/05/2024,"NAME-CHEAP.COM* RJP8 WWW.NAMECHEAP AZ        08/03",-14.88,DEBIT_CARD,1364.93,,
DEBIT,08/05/2024,"BOOST MOBILE 833-502-6678 CO                 08/03",-25.51,DEBIT_CARD,1379.81,,
DEBIT,08/05/2024,"OFFICEMAX/DEPOT 6536 800-463-3768 WI         08/02",-50.37,DEBIT_CARD,1405.32,,
CREDIT,08/05/2024,"ORIG CO NAME:KuriosBrand LLC        ORIG ID:814357085  DESC DATE:240805 CO ENTRY DESCR:D9B75567FCSEC:PPD    TRACE#:211370155122468 EED:240805   IND ID:                             IND NAME:MARK GUNDRUM TRN: 2185122468TC",431.40,MISC_CREDIT,1455.69,,
DEBIT,08/02/2024,"THE HOME DEPOT #4910 DELAFIELD WI    454314  08/02",-4.94,DEBIT_CARD,1024.29,,
DEBIT,08/01/2024,"10WEB.IO HTTPS10WEB.IO DE                    08/01",-122.00,DEBIT_CARD,1029.23,,
DEBIT,07/31/2024,"MONTHLY SERVICE FEE",-15.00,FEE_TRANSACTION,1151.23,,
DEBIT,07/31/2024,"Fiverr 855-5859699 NY                        07/30",-8.28,DEBIT_CARD,1166.23,,
DEBIT,07/31/2024,"OFFICEMAX/DEPOT 6536 800-463-3768 WI         07/30",-16.79,DEBIT_CARD,1174.51,,
DEBIT,07/31/2024,"OFFICEMAX/DEPOT 6536 800-463-3768 WI         07/30",-16.79,DEBIT_CARD,1191.30,,
DEBIT,07/31/2024,"OFFICEMAX/DEPOT 6536 800-463-3768 WI         07/30",-16.79,DEBIT_CARD,1208.09,,
DEBIT,07/29/2024,"ORIG CO NAME:PAYPAL                 ORIG ID:PAYPALSI77 DESC DATE:240728 CO ENTRY DESCR:INST XFER SEC:WEB    TRACE#:021000020015276 EED:240729   IND ID:MOVES2IMPROVE                IND NAME:MARK GUNDRUM                                                                                                 240728PPZB5V TRN: 2110015276TC",-6.00,MISC_DEBIT,1224.88,,
DEBIT,07/29/2024,"Fiverr 855-5859699 NY                        07/27",-8.28,DEBIT_CARD,1230.88,,
DEBIT,07/29/2024,"OFFICEMAX/DEPOT 6536 800-463-3768 WI         07/27",-33.58,DEBIT_CARD,1239.16,,
DEBIT,07/29/2024,"OFFICEMAX/DEPOT 6536 800-463-3768 WI         07/26",-16.79,DEBIT_CARD,1272.74,,
DEBIT,07/29/2024,"BOOST MOBILE 833-502-6678 CO                 07/26",-15.00,DEBIT_CARD,1289.53,,
DEBIT,07/26/2024,"WM SUPERCENTER #1678 DELAFIELD WI    027992  07/26",-31.37,DEBIT_CARD,1304.53,,
DEBIT,07/26/2024,"OFFICEMAX/DEPOT 6536 800-463-3768 WI         07/25",-32.54,DEBIT_CARD,1335.90,,
DEBIT,07/26/2024,"NAME-CHEAP.COM* 4BEM WWW.NAMECHEAP AZ        07/26",-14.88,DEBIT_CARD,1368.44,,
DEBIT,07/25/2024,"WAL-MART SUPER CENTER DELAFIELD WI           07/25",-31.37,DEBIT_CARD,1383.32,,
DEBIT,07/24/2024,"LINKDADDY LLC HTTPSLINKDADD FL               07/23",-16.00,DEBIT_CARD,1414.69,,
CREDIT,07/24/2024,"Online Transfer from SAV ...7036 transaction#: 21506839782",1100.00,ACCT_XFER,1430.69,,
DEBIT,07/23/2024,"THE HOME DEPOT #4910 DELAFIELD WI    975817  07/23",-12.34,DEBIT_CARD,330.69,,
DEBIT,07/23/2024,"Online Transfer 21495670881 to No Temptation #####6760 transaction #: 21495670881 07/23",-1050.00,ACCT_XFER,343.03,,
DEBIT,07/23/2024,"P.SKOOL.COM/ZJSTJ WWW.SKOOL.COM CA           07/23",-99.00,DEBIT_CARD,1393.03,,
DEBIT,07/22/2024,"ELEVENLABS.IO ELEVENLABS.IO NY               07/21",-5.00,DEBIT_CARD,1492.03,,
DEBIT,07/22/2024,"CANVA* I04219-430138 HTTPSCANVA.CO DE        07/21",-12.99,DEBIT_CARD,1497.03,,
DEBIT,07/22/2024,"ORIG CO NAME:VENMO                  ORIG ID:3264681992 DESC DATE:240719 CO ENTRY DESCR:PAYMENT   SEC:WEB    TRACE#:091000017245666 EED:240722   IND ID:1035757889487                IND NAME:MARK GUNDRUM TRN: 2047245666TC",-90.00,MISC_DEBIT,1510.02,,
DEBIT,07/17/2024,"Online Transfer to SAV ...7036 transaction#: 21438873904 07/17",-200.00,ACCT_XFER,1600.02,,
DEBIT,07/17/2024,"Payment to Chase card ending in 0678 07/17",-1000.00,LOAN_PMT,1800.02,,
DEBIT,07/17/2024,"ORIG CO NAME:UW Platteville         ORIG ID:1364199567 DESC DATE:240716 CO ENTRY DESCR:UWP ePay  SEC:WEB    TRACE#:091000011451481 EED:240717   IND ID:1000106648                   IND NAME:Mark Gundrum                                                                                                 9541210461 TRN: 1991451481TC",-236.49,ACH_DEBIT,2800.02,,
DEBIT,07/16/2024,"OPENAI *CHATGPT SUBS HTTPSOPENAI.C CA        07/16",-20.00,DEBIT_CARD,3036.51,,
CREDIT,07/16/2024,"ORIG CO NAME:STRIPE                 ORIG ID:4270465600 DESC DATE:       CO ENTRY DESCR:TRANSFER  SEC:CCD    TRACE#:111000025795790 EED:240716   IND ID:ST-D9G0K6S3R6X4              IND NAME:MARK GUNDRUM TRN: 1985795790TC",289.50,ACH_CREDIT,3056.51,,
DEBIT,07/15/2024,"Online Transfer to CHK ...0068 transaction#: 21415678745 07/15",-500.00,ACCT_XFER,2767.01,,
DEBIT,07/11/2024,"ORIG CO NAME:VS NETTIPALVELU        ORIG ID:770510487A DESC DATE:       CO ENTRY DESCR:IAT PAYPALSEC:WEB    TRACE#:091000013655559 EED:240711   IND ID:1035575411160                IND NAME:MARK GUNDRUM                                                                                                 IATCV TRN: 1933655559TC",-27.50,MISC_DEBIT,3267.01,,
CREDIT,07/09/2024,"ORIG CO NAME:STRIPE                 ORIG ID:4270465600 DESC DATE:       CO ENTRY DESCR:TRANSFER  SEC:CCD    TRACE#:111000021551884 EED:240709   IND ID:ST-O1R7I6Y3Y0V8              IND NAME:MARK GUNDRUM TRN: 1911551884TC",286.62,ACH_CREDIT,3294.51,,
CREDIT,07/09/2024,"Online Transfer from CHK ...0068 transaction#: 21357250491",1400.00,ACCT_XFER,3007.89,,
DEBIT,07/08/2024,"ORIG CO NAME:JOANNE MARIE TRI       ORIG ID:770510487A DESC DATE:       CO ENTRY DESCR:IAT PAYPALSEC:WEB    TRACE#:091000013243471 EED:240708   IND ID:1035511835017                IND NAME:MARK GUNDRUM                                                                                                 IATCV TRN: 1903243471TC",-50.40,MISC_DEBIT,1607.89,,
DEBIT,07/08/2024,"MIDJOURNEY INC. HTTPSWWW.MIDJ CA             07/07",-10.50,DEBIT_CARD,1658.29,,
DEBIT,07/08/2024,"Zelle payment to Timmy 21330285138",-10.00,QUICKPAY_DEBIT,1668.79,,
DEBIT,07/08/2024,"Zelle payment to Leslie 21330066205",-7.00,QUICKPAY_DEBIT,1678.79,,
DEBIT,07/08/2024,"ORIG CO NAME:VENMO                  ORIG ID:3264681992 DESC DATE:240705 CO ENTRY DESCR:PAYMENT   SEC:WEB    TRACE#:091000010803439 EED:240708   IND ID:1035475827043                IND NAME:MARK GUNDRUM TRN: 1900803439TC",-20.00,MISC_DEBIT,1685.79,,
DEBIT,07/05/2024,"ORIG CO NAME:UW Platteville         ORIG ID:1364199567 DESC DATE:240704 CO ENTRY DESCR:UWP ePay  SEC:WEB    TRACE#:091000012893752 EED:240705   IND ID:1000106432                   IND NAME:Mark Gundrum                                                                                                 9541210461 TRN: 1872893752TC",-100.00,ACH_DEBIT,1705.79,,
DEBIT,07/03/2024,"ORIG CO NAME:STRIPE                 ORIG ID:1800948598 DESC DATE:       CO ENTRY DESCR:TRANSFER  SEC:CCD    TRACE#:091000015830775 EED:240703   IND ID:ST-M3U8P7C6H4R7              IND NAME:MARK GUNDRUM TRN: 1855830775TC",-19.16,ACH_DEBIT,1805.79,,
DEBIT,07/03/2024,"NAME-CHEAP.COM* M4RY WWW.NAMECHEAP AZ        07/02",-9.16,DEBIT_CARD,1824.95,,
CREDIT,07/02/2024,"ORIG CO NAME:STRIPE                 ORIG ID:4270465600 DESC DATE:       CO ENTRY DESCR:TRANSFER  SEC:CCD    TRACE#:111000026086581 EED:240702   IND ID:ST-V6B4O5M1R9W5              IND NAME:MARK GUNDRUM TRN: 1846086581TC",291.00,ACH_CREDIT,1834.11,,
DEBIT,07/01/2024,"Zelle payment to Nil Ridge 21270159730",-750.00,QUICKPAY_DEBIT,1543.11,,
DEBIT,07/01/2024,"10WEB.IO HTTPS10WEB.IO DE                    07/01",-102.00,DEBIT_CARD,2293.11,,
CREDIT,07/01/2024,"ORIG CO NAME:STRIPE                 ORIG ID:4270465600 DESC DATE:       CO ENTRY DESCR:TRANSFER  SEC:CCD    TRACE#:111000020191283 EED:240701   IND ID:ST-P5Z3F4J6T2M4              IND NAME:MARK GUNDRUM TRN: 1830191283TC",771.00,ACH_CREDIT,2395.11,,
DEBIT,06/28/2024,"TWILIO INC SAN FRANCISCO CA                  06/26",61.01,DEBIT_CARD,1624.11,,
DEBIT,06/27/2024,"ORIG CO NAME:VENMO                  ORIG ID:3264681992 DESC DATE:240626 CO ENTRY DESCR:PAYMENT   SEC:WEB    TRACE#:091000011888954 EED:240627   IND ID:1035283131253                IND NAME:MARK GUNDRUM TRN: 1791888954TC",-40.00,MISC_DEBIT,1563.10,,
DEBIT,06/27/2024,"DALTON ENTERPRISES HTTPSTHEWEBMO TN          06/25",50.00,DEBIT_CARD,1603.10,,
DEBIT,06/25/2024,"Payment to Chase card ending in 4252 06/25",-1000.00,LOAN_PMT,1553.10,,
DEBIT,06/25/2024,"ORIG CO NAME:JOANNE MARIE TRI       ORIG ID:770510487A DESC DATE:       CO ENTRY DESCR:IAT PAYPALSEC:WEB    TRACE#:091000019292430 EED:240625   IND ID:1035239587081                IND NAME:MARK GUNDRUM                                                                                                 IATCV TRN: 1779292430TC",-21.00,MISC_DEBIT,2553.10,,
CREDIT,06/25/2024,"ORIG CO NAME:STRIPE                 ORIG ID:4270465600 DESC DATE:       CO ENTRY DESCR:TRANSFER  SEC:CCD    TRACE#:111000021542253 EED:240625   IND ID:ST-Z5J6I0Z2M0F7              IND NAME:MARK GUNDRUM TRN: 1771542253TC",288.00,ACH_CREDIT,2574.10,,
DEBIT,06/24/2024,"ORIG CO NAME:VENMO                  ORIG ID:3264681992 DESC DATE:240623 CO ENTRY DESCR:PAYMENT   SEC:WEB    TRACE#:091000017410423 EED:240624   IND ID:1035213126589                IND NAME:MARK GUNDRUM TRN: 1767410423TC",-100.00,MISC_DEBIT,2286.10,,
DEBIT,06/24/2024,"ELEVENLABS.IO ELEVENLABS.IO NY               06/21",-5.00,DEBIT_CARD,2386.10,,
DEBIT,06/24/2024,"CANVA* I04189-650295 HTTPSCANVA.CO DE        06/21",-12.99,DEBIT_CARD,2391.10,,
DEBIT,06/21/2024,"ORIG CO NAME:JOANNE MARIE TRI       ORIG ID:770510487C DESC DATE:       CO ENTRY DESCR:IAT PAYPALSEC:WEB    TRACE#:091000011290493 EED:240621   IND ID:1035151479734                IND NAME:MARK GUNDRUM                                                                                                 IATCV TRN: 1731290493TC",-21.01,MISC_DEBIT,2404.09,,
DEBIT,06/17/2024,"ORIG CO NAME:VENMO                  ORIG ID:3264681992 DESC DATE:240616 CO ENTRY DESCR:PAYMENT   SEC:WEB    TRACE#:091000016211660 EED:240617   IND ID:1035075384818                IND NAME:MARK GUNDRUM TRN: 1696211660TC",-25.00,MISC_DEBIT,2425.10,,
DEBIT,06/17/2024,"ORIG CO NAME:VENMO                  ORIG ID:3264681992 DESC DATE:240615 CO ENTRY DESCR:PAYMENT   SEC:WEB    TRACE#:091000015204191 EED:240617   IND ID:1035061397066                IND NAME:MARK GUNDRUM TRN: 1695204191TC",-20.00,MISC_DEBIT,2450.10,,
DEBIT,06/17/2024,"OPENAI *CHATGPT SUBS HTTPSOPENAI.C CA        06/16",-20.00,DEBIT_CARD,2470.10,,
CREDIT,06/17/2024,"ORIG CO NAME:STRIPE                 ORIG ID:4270465600 DESC DATE:       CO ENTRY DESCR:TRANSFER  SEC:CCD    TRACE#:111000025215519 EED:240617   IND ID:ST-N7E9M4K9H9T6              IND NAME:MARK GUNDRUM TRN: 1695215519TC",768.50,ACH_CREDIT,2490.10,,
CREDIT,06/11/2024,"ORIG CO NAME:STRIPE                 ORIG ID:4270465600 DESC DATE:       CO ENTRY DESCR:TRANSFER  SEC:CCD    TRACE#:111000028460117 EED:240611   IND ID:ST-P0S8Q2P7M4F5              IND NAME:MARK GUNDRUM TRN: 1638460117TC",361.94,ACH_CREDIT,1721.60,,
DEBIT,06/10/2024,"Payment to Chase card ending in 0678 06/10",-600.00,LOAN_PMT,1359.66,,
DEBIT,06/10/2024,"Gaia Inc. 303-2223600 CO                     06/08",-12.59,DEBIT_CARD,1959.66,,
DEBIT,06/10/2024,"MIDJOURNEY INC. HTTPSWWW.MIDJ CA             06/07",-10.00,DEBIT_CARD,1972.25,,
CREDIT,06/05/2024,"ORIG CO NAME:STRIPE                 ORIG ID:4270465600 DESC DATE:       CO ENTRY DESCR:TRANSFER  SEC:CCD    TRACE#:111000020762787 EED:240605   IND ID:ST-D8Y2W1U5K3R2              IND NAME:MARK GUNDRUM TRN: 1570762787TC",308.82,ACH_CREDIT,1982.25,,
DEBIT,06/04/2024,"Zelle payment to Charlie 20992353233",-180.00,QUICKPAY_DEBIT,1673.43,,
DEBIT,06/04/2024,"ORIG CO NAME:VENMO                  ORIG ID:3264681992 DESC DATE:240603 CO ENTRY DESCR:PAYMENT   SEC:WEB    TRACE#:091000018336493 EED:240604   IND ID:1034810807866                IND NAME:MARK GUNDRUM TRN: 1568336493TC",-60.00,MISC_DEBIT,1853.43,,
CREDIT,06/04/2024,"ORIG CO NAME:STRIPE                 ORIG ID:4270465600 DESC DATE:       CO ENTRY DESCR:TRANSFER  SEC:CCD    TRACE#:111000029759893 EED:240604   IND ID:ST-G5M4X1J3O8B4              IND NAME:MARK GUNDRUM TRN: 1569759893TC",363.82,ACH_CREDIT,1913.43,,
DEBIT,06/03/2024,"Payment to Chase card ending in 0678 06/03",-700.00,LOAN_PMT,1549.61,,
DEBIT,06/03/2024,"Zelle payment to E JPM99ai30vqi",-60.00,CHASE_TO_PARTNERFI,2249.61,,
DEBIT,06/03/2024,"TWILIO INC TWILIO.COM CA                     06/02",-140.72,DEBIT_CARD,2309.61,,
DEBIT,06/03/2024,"ORIG CO NAME:UW Platteville         ORIG ID:1364199567 DESC DATE:240531 CO ENTRY DESCR:UWP ePay  SEC:WEB    TRACE#:091000010327340 EED:240603   IND ID:1000104752                   IND NAME:Mark Gundrum                                                                                                 9541210461 TRN: 1550327340TC",-333.00,ACH_DEBIT,2450.33,,
CREDIT,06/03/2024,"ORIG CO NAME:STRIPE                 ORIG ID:4270465600 DESC DATE:       CO ENTRY DESCR:TRANSFER  SEC:CCD    TRACE#:111000023178219 EED:240603   IND ID:ST-Z2R1F8P0G9V7              IND NAME:MARK GUNDRUM TRN: 1553178219TC",766.62,ACH_CREDIT,2783.33,,
DEBIT,05/31/2024,"MONTHLY SERVICE FEE",-15.00,FEE_TRANSACTION,2016.71,,
DEBIT,05/30/2024,"Payment to Chase card ending in 4252 05/30",-1000.00,LOAN_PMT,2031.71,,
DEBIT,05/30/2024,"Online Transfer to CHK ...0068 transaction#: 20930334267 05/30",-400.00,ACCT_XFER,3031.71,,
CREDIT,05/29/2024,"ORIG CO NAME:STRIPE                 ORIG ID:4270465600 DESC DATE:       CO ENTRY DESCR:TRANSFER  SEC:CCD    TRACE#:111000025591040 EED:240529   IND ID:ST-Z1L4Y2Q8D5W8              IND NAME:MARK GUNDRUM TRN: 1505591040TC",361.94,ACH_CREDIT,3431.71,,
CREDIT,05/28/2024,"Reversal: WEB*BLUEHOST.COM 888-4014678 UT              05/23  ClaimId: 374954993920001",163.87,ATM,3069.77,,
DEBIT,05/24/2024,"WEB*BLUEHOST.COM 888-4014678 UT              05/23",-163.87,DEBIT_CARD,2905.90,,
DEBIT,05/23/2024,"Amazon.com*8V7YC6WI3 Amzn.com/bill WA        05/23",-17.64,DEBIT_CARD,3069.77,,
DEBIT,05/22/2024,"ELEVENLABS.IO ELEVENLABS.IO NY               05/21",-5.00,DEBIT_CARD,3087.41,,
DEBIT,05/22/2024,"BUFFALO WILD WNGS 0717 SPRING TX             05/22",-22.61,DEBIT_CARD,3092.41,,
DEBIT,05/22/2024,"CANVA* I04158-742526 HTTPSCANVA.CO DE        05/21",-12.99,DEBIT_CARD,3115.02,,
DEBIT,05/22/2024,"DOLLAR TREE SPRING TX                        05/21",-4.06,DEBIT_CARD,3128.01,,
DEBIT,05/22/2024,"NAME-CHEAP.COM* ZXFZ WWW.NAMECHEAP AZ        05/22",-10.46,DEBIT_CARD,3132.07,,
CREDIT,05/21/2024,"ORIG CO NAME:STRIPE                 ORIG ID:4270465600 DESC DATE:       CO ENTRY DESCR:TRANSFER  SEC:CCD    TRACE#:111000023271398 EED:240521   IND ID:ST-P2N5X9W0R8C7              IND NAME:MARK GUNDRUM TRN: 1423271398TC",363.82,ACH_CREDIT,3142.53,,
DEBIT,05/20/2024,"ORIG CO NAME:VENMO                  ORIG ID:3264681992 DESC DATE:240517 CO ENTRY DESCR:PAYMENT   SEC:WEB    TRACE#:091000015816467 EED:240520   IND ID:1034455991519                IND NAME:MARK GUNDRUM TRN: 1415816467TC",-150.00,MISC_DEBIT,2778.71,,
DEBIT,05/20/2024,"AMZN Mktp US*I46F924 Amzn.com/bill WA        05/19",-40.09,DEBIT_CARD,2928.71,,
DEBIT,05/20/2024,"AMZN Mktp US*YN7YZ1Y Amzn.com/bill WA        05/20",-48.20,DEBIT_CARD,2968.80,,
CREDIT,05/20/2024,"ORIG CO NAME:STRIPE                 ORIG ID:4270465600 DESC DATE:       CO ENTRY DESCR:TRANSFER  SEC:CCD    TRACE#:111000029588737 EED:240520   IND ID:ST-N3J9P5Y7T9W2              IND NAME:MARK GUNDRUM TRN: 1419588737TC",770.62,ACH_CREDIT,3017.00,,
DEBIT,05/16/2024,"OPENAI *CHATGPT SUBS HTTPSOPENAI.C CA        05/16",-20.00,DEBIT_CARD,2246.38,,
DEBIT,05/15/2024,"ORIG CO NAME:VENMO                  ORIG ID:3264681992 DESC DATE:240514 CO ENTRY DESCR:PAYMENT   SEC:WEB    TRACE#:091000018574198 EED:240515   IND ID:1034401730774                IND NAME:MARK GUNDRUM TRN: 1368574198TC",-25.00,MISC_DEBIT,2266.38,,
DEBIT,05/15/2024,"ORIG CO NAME:VENMO                  ORIG ID:3264681992 DESC DATE:240514 CO ENTRY DESCR:PAYMENT   SEC:WEB    TRACE#:091000016428129 EED:240515   IND ID:1034393844903                IND NAME:MARK GUNDRUM TRN: 1366428129TC",-70.00,MISC_DEBIT,2291.38,,
DEBIT,05/14/2024,"GREYHOUND Los Angeles CA                     05/13",-32.98,DEBIT_CARD,2361.38,,
CREDIT,05/14/2024,"ORIG CO NAME:STRIPE                 ORIG ID:4270465600 DESC DATE:       CO ENTRY DESCR:TRANSFER  SEC:CCD    TRACE#:111000023775835 EED:240514   IND ID:ST-U7X3C1C3E3W2              IND NAME:MARK GUNDRUM TRN: 1353775835TC",360.06,ACH_CREDIT,2394.36,,
DEBIT,05/13/2024,"ORIG CO NAME:VENMO                  ORIG ID:3264681992 DESC DATE:240512 CO ENTRY DESCR:PAYMENT   SEC:WEB    TRACE#:091000016314890 EED:240513   IND ID:1034353260428                IND NAME:MARK GUNDRUM TRN: 1346314890TC",-80.00,MISC_DEBIT,2034.30,,
DEBIT,05/13/2024,"ORIG CO NAME:VENMO                  ORIG ID:3264681992 DESC DATE:240511 CO ENTRY DESCR:PAYMENT   SEC:WEB    TRACE#:091000017738825 EED:240513   IND ID:1034325732765                IND NAME:MARK GUNDRUM TRN: 1347738825TC",-10.74,MISC_DEBIT,2114.30,,
DEBIT,05/13/2024,"ORIG CO NAME:VENMO                  ORIG ID:3264681992 DESC DATE:240511 CO ENTRY DESCR:PAYMENT   SEC:WEB    TRACE#:091000017721732 EED:240513   IND ID:1034323963884                IND NAME:MARK GUNDRUM TRN: 1347721732TC",-17.99,MISC_DEBIT,2125.04,,
DEBIT,05/13/2024,"HONEYBOOK,* TRIAL ST HTTPSWWW.HONE CA        05/12",-15.20,DEBIT_CARD,2143.03,,
DEBIT,05/13/2024,"Zelle payment to rossyenerich Yenerich JPM99agykhud",-14.60,CHASE_TO_PARTNERFI,2158.23,,
DEBIT,05/13/2024,"ORIG CO NAME:VENMO                  ORIG ID:3264681992 DESC DATE:240510 CO ENTRY DESCR:PAYMENT   SEC:WEB    TRACE#:091000013656683 EED:240513   IND ID:1034319093345                IND NAME:MARK GUNDRUM TRN: 1343656683TC",-16.00,MISC_DEBIT,2172.83,,
DEBIT,05/13/2024,"BURGER HOUSE HILLCREST 214-3610370 TX        05/10",-16.29,DEBIT_CARD,2188.83,,
DEBIT,05/09/2024,"Payment to Chase card ending in 4252 05/09",-500.00,LOAN_PMT,2205.12,,
DEBIT,05/09/2024,"ORIG CO NAME:VENMO                  ORIG ID:3264681992 DESC DATE:240508 CO ENTRY DESCR:PAYMENT   SEC:WEB    TRACE#:091000013662926 EED:240509   IND ID:1034273767245                IND NAME:MARK GUNDRUM TRN: 1303662926TC",-32.00,MISC_DEBIT,2705.12,,
DEBIT,05/09/2024,"Gaia Inc. 303-2223600 CO                     05/08",-11.99,DEBIT_CARD,2737.12,,
DEBIT,05/08/2024,"MIDJOURNEY INC. HTTPSWWW.MIDJ CA             05/07",-10.00,DEBIT_CARD,2749.11,,
DEBIT,05/06/2024,"DALTON ENTERPRISES HTTPSTHEWEBMO TN          05/06",-50.00,DEBIT_CARD,2759.11,,
DEBIT,05/06/2024,"DALTON ENTERPRISES HTTPSTHEWEBMO TN          05/05",-50.00,DEBIT_CARD,2809.11,,
DEBIT,05/06/2024,"NAME-CHEAP.COM* EMH2 WWW.NAMECHEAP AZ        05/06",-23.76,DEBIT_CARD,2859.11,,
DEBIT,05/06/2024,"Audible*2E7HH4K53 Amzn.com/bill NJ           05/04",-17.94,DEBIT_CARD,2882.87,,
DEBIT,05/03/2024,"Online Transfer to CHK ...0068 transaction#: 20669023012 05/03",-300.00,ACCT_XFER,2900.81,,
DEBIT,05/03/2024,"TWILIO INC TWILIO.COM CA                     05/02",-60.72,DEBIT_CARD,3200.81,,
CREDIT,05/03/2024,"REAL TIME PAYMENT CREDIT RECD FROM ABA/CONTR BNK-121000248  FROM: BNF-STRIPE REF: ST-K3VRMUNPQSFE4 INFO: TEXT-RmtInf-ST-K3VRMUNPQSFE4LMWXIFK IID: 20240503121000248P1BZWFA32899818638 RECD: 10:44:42 TRN: 0457821124GC",1430.83,MISC_CREDIT,3261.53,,
DEBIT,05/02/2024,"ORIG CO NAME:UW Platteville         ORIG ID:1364199567 DESC DATE:240501 CO ENTRY DESCR:UWP ePay  SEC:WEB    TRACE#:091000014127322 EED:240502   IND ID:1000101072                   IND NAME:Mark Gundrum                                                                                                 9541210461 TRN: 1234127322TC",-255.00,ACH_DEBIT,1830.70,,
DEBIT,05/02/2024,"GOOGLE *ADS546411299 cc@google.com CA        05/01",-457.92,DEBIT_CARD,2085.70,,
DEBIT,05/02/2024,"GOOGLE *ADS270066549 cc@google.com CA        05/01",-413.15,DEBIT_CARD,2543.62,,
DEBIT,05/01/2024,"GOOGLE *GSUITE_kurio cc@google.com CA        05/01",-14.40,DEBIT_CARD,2956.77,,
DEBIT,05/01/2024,"10WEB.IO HTTPS10WEB.IO DE                    05/01",-102.00,DEBIT_CARD,2971.17,,
DEBIT,04/30/2024,"MONTHLY SERVICE FEE",-15.00,FEE_TRANSACTION,3073.17,,
CREDIT,04/30/2024,"ORIG CO NAME:STRIPE                 ORIG ID:4270465600 DESC DATE:       CO ENTRY DESCR:TRANSFER  SEC:CCD    TRACE#:111000023400682 EED:240430   IND ID:ST-Y2F6U5D7L4Z9              IND NAME:MARK GUNDRUM TRN: 1213400682TC",360.06,ACH_CREDIT,3088.17,,
DEBIT,04/26/2024,"OPENAI HTTPSOPENAI.C CA                      04/25",-50.00,DEBIT_CARD,2728.11,,
DEBIT,04/22/2024,"FOREIGN EXCHANGE RATE ADJUSTMENT FEE         04/22TOOLZBUY.",-0.19,FEE_TRANSACTION,2778.11,,
DEBIT,04/22/2024,"FOREIGN EXCHANGE RATE ADJUSTMENT FEE         04/22TOOLZBUY.",-0.32,FEE_TRANSACTION,2778.30,,
DEBIT,04/22/2024,"FOREIGN EXCHANGE RATE ADJUSTMENT FEE         04/22TOOLZBUY.",-0.32,FEE_TRANSACTION,2778.62,,
DEBIT,04/22/2024,"TOOLZBUY.COM WYRA                            04/22 IN Rupee   549.00 X 0.01198543 (EXCHG RTE)",-6.58,DEBIT_CARD,2778.94,,
DEBIT,04/22/2024,"TOOLZBUY.COM WYRA                            04/22 IN Rupee   899.00 X 0.01197998 (EXCHG RTE)",-10.77,DEBIT_CARD,2785.52,,
DEBIT,04/22/2024,"TOOLZBUY.COM WYRA                            04/22 IN Rupee   899.00 X 0.01197998 (EXCHG RTE)",-10.77,DEBIT_CARD,2796.29,,
DEBIT,04/22/2024,"CANVA* I04128-461745 HTTPSCANVA.CO DE        04/21",-12.99,DEBIT_CARD,2807.06,,
DEBIT,04/22/2024,"ELEVENLABS.IO ELEVENLABS.IO NY               04/21",-5.00,DEBIT_CARD,2820.05,,
DEBIT,04/22/2024,"SQ *BREWERS TWO CAFE CO Pewaukee WI          04/20",-7.54,DEBIT_CARD,2825.05,,
DEBIT,04/22/2024,"Online Transfer to CHK ...0068 transaction#: 20526974471 04/22",-200.00,ACCT_XFER,2832.59,,
DEBIT,04/22/2024,"SQ *BREWERS TWO CAFE CO Pewaukee WI          04/19",-7.54,DEBIT_CARD,3032.59,,
DEBIT,04/22/2024,"LC-BOTANICS PEWAUKEE WI                      04/19",-14.65,DEBIT_CARD,3040.13,,
DEBIT,04/19/2024,"Payment to Chase card ending in 4252 04/19",-500.00,LOAN_PMT,3054.78,,
DEBIT,04/19/2024,"TROPICAL SMOOTHIE CAFE PEWAUKEE WI           04/18",-13.52,DEBIT_CARD,3554.78,,
CREDIT,04/19/2024,"REAL TIME PAYMENT CREDIT RECD FROM ABA/CONTR BNK-121000248  FROM: BNF-STRIPE REF: ST-EQ0BA7AGTL6AX INFO: TEXT-RmtInf-ST-EQ0BA7AGTL6AXVNZJCE8 IID: 20240419121000248P1BZWFC43329804047 RECD: 14:32:53 TRN: 0546081110GC",1125.07,MISC_CREDIT,3568.30,,
DEBIT,04/16/2024,"CHATGPT SUBSCRIPTION HTTPSOPENAI.C CA        04/16",-20.00,DEBIT_CARD,2443.23,,
CREDIT,04/16/2024,"ORIG CO NAME:STRIPE                 ORIG ID:4270465600 DESC DATE:       CO ENTRY DESCR:TRANSFER  SEC:CCD    TRACE#:111000026383135 EED:240416   IND ID:ST-G7G6H9J4E8W8              IND NAME:MARK GUNDRUM TRN: 1076383135TC",360.06,ACH_CREDIT,2463.23,,
DEBIT,04/12/2024,"HONEYBOOK.COM HTTPSWWW.HONE CA               04/12",-15.20,DEBIT_CARD,2103.17,,
DEBIT,04/12/2024,"ORIG CO NAME:VENMO                  ORIG ID:3264681992 DESC DATE:240411 CO ENTRY DESCR:PAYMENT   SEC:WEB    TRACE#:091000019710357 EED:240412   IND ID:1033715419160                IND NAME:MARK GUNDRUM TRN: 1039710357TC",-60.00,MISC_DEBIT,2118.37,,
DEBIT,04/11/2024,"BRIGHTLOCAL LTD BRIGHTON                     04/10",240.00,DEBIT_CARD,2178.37,,
DEBIT,04/10/2024,"DIESEL BARBERSHOP - DEL DELAFIELD WI         04/09",-47.00,DEBIT_CARD,1938.37,,
DEBIT,04/08/2024,"MIDJOURNEY INC. HTTPSWWW.MIDJ CA             04/07",-10.00,DEBIT_CARD,1985.37,,
DEBIT,04/08/2024,"SHELL OIL 5484170003 JOHNSON CREEK WI        04/06",-15.31,DEBIT_CARD,1995.37,,
CREDIT,04/05/2024,"REAL TIME PAYMENT CREDIT RECD FROM ABA/CONTR BNK-121000248  FROM: BNF-STRIPE REF: ST-Y9PI2AZQJASW1 INFO: TEXT-RmtInf-ST-Y9PI2AZQJASW1F4ZCLV1 IID: 20240405121000248P1BZWFA11689071586 RECD: 11:24:47 TRN: 0582310096GA",354.41,MISC_CREDIT,2010.68,,
CREDIT,04/04/2024,"ORIG CO NAME:STRIPE                 ORIG ID:4270465600 DESC DATE:       CO ENTRY DESCR:TRANSFER  SEC:CCD    TRACE#:111000025777994 EED:240404   IND ID:ST-Y3D2M0A3N9T5              IND NAME:MARK GUNDRUM TRN: 0955777994TC",308.54,ACH_CREDIT,1656.27,,
CREDIT,04/04/2024,"REAL TIME PAYMENT CREDIT RECD FROM ABA/CONTR BNK-121000248  FROM: BNF-STRIPE REF: ST-BL70AZMSE2ZJU INFO: TEXT-RmtInf-ST-BL70AZMSE2ZJUZINOGSK IID: 20240404121000248P1BZWFA11689036037 RECD: 17:25:03 TRN: 0580460095GE",767.23,MISC_CREDIT,1347.73,,
DEBIT,04/02/2024,"AIR AI HTTPSWWW.AIR. AZ                      04/02",-1.21,DEBIT_CARD,580.50,,
DEBIT,04/02/2024,"AMZN Mktp US*GD83W7R Amzn.com/bill WA        04/02",-14.68,DEBIT_CARD,581.71,,
DEBIT,04/01/2024,"GOOGLE *ADS546411299 cc@google.com CA        04/01",-195.80,DEBIT_CARD,596.39,,
DEBIT,04/01/2024,"GOOGLE *ADS270066549 cc@google.com CA        04/01",-481.72,DEBIT_CARD,792.19,,
DEBIT,04/01/2024,"GOOGLE *GSUITE_kurio cc@google.com CA        04/01",-14.40,DEBIT_CARD,1273.91,,
DEBIT,04/01/2024,"10WEB.IO HTTPS10WEB.IO DE                    04/01",-102.00,DEBIT_CARD,1288.31,,
DEBIT,04/01/2024,"AIR AI HTTPSWWW.AIR. AZ                      04/01",-6.20,DEBIT_CARD,1390.31,,
DEBIT,04/01/2024,"ORIG CO NAME:VENMO                  ORIG ID:3264681992 DESC DATE:240331 CO ENTRY DESCR:PAYMENT   SEC:WEB    TRACE#:091000019150306 EED:240401   IND ID:1033475833182                IND NAME:MARK GUNDRUM TRN: 0929150306TC",-80.00,MISC_DEBIT,1396.51,,
DEBIT,03/29/2024,"MONTHLY SERVICE FEE",-15.00,FEE_TRANSACTION,1476.51,,
CREDIT,03/29/2024,"REAL TIME PAYMENT CREDIT RECD FROM ABA/CONTR BNK-121000248  FROM: BNF-STRIPE REF: ST-YHLRK65UEDJKW INFO: TEXT-RmtInf-ST-YHLRK65UEDJKWWUTVQVR IID: 20240329121000248P1BZWFC31519169801 RECD: 10:36:44 TRN: 0398001089GE",352.54,MISC_CREDIT,1491.51,,
DEBIT,03/28/2024,"BRIGHTLOCAL LTD BRIGHTON                     03/27",-240.00,DEBIT_CARD,1138.97,,
DEBIT,03/26/2024,"10WEB.IO HTTPS10WEB.IO DE                    03/26",-2.00,DEBIT_CARD,1378.97,,
DEBIT,03/25/2024,"WWW.MAKE.COM WWW.MAKE.COM NY                 03/22",-10.59,DEBIT_CARD,1380.97,,
DEBIT,03/22/2024,"FOREIGN EXCHANGE RATE ADJUSTMENT FEE         03/22TOOLZBUY.",-0.19,FEE_TRANSACTION,1391.56,,
DEBIT,03/22/2024,"TOOLZBUY.COM WYRA                            03/22 IN Rupee   549.00 X 0.01204007 (EXCHG RTE)",-6.61,DEBIT_CARD,1391.75,,
DEBIT,03/22/2024,"CANVA* I04097-707371 HTTPSCANVA.CO DE        03/21",-12.99,DEBIT_CARD,1398.36,,
DEBIT,03/21/2024,"Online Transfer to CHK ...0068 transaction#: 20221201818 03/21",-350.00,ACCT_XFER,1411.35,,
DEBIT,03/21/2024,"Payment to Chase card ending in 4252 03/21",-600.00,LOAN_PMT,1761.35,,
DEBIT,03/21/2024,"BP#1974609BP 41 PEWAUKEE WI                  03/21",-10.06,DEBIT_CARD,2361.35,,
DEBIT,03/21/2024,"NAME-CHEAP.COM* MK8O WWW.NAMECHEAP AZ        03/21",-10.46,DEBIT_CARD,2371.41,,
CREDIT,03/21/2024,"REAL TIME PAYMENT CREDIT RECD FROM ABA/CONTR BNK-121000248  FROM: BNF-STRIPE REF: ST-DBLWZBGRXG02N INFO: TEXT-RmtInf-ST-DBLWZBGRXG02N3JZMN0D IID: 20240321121000248P1BZWFA11006000842 RECD: 21:37:07 TRN: 0073671082GC",360.22,MISC_CREDIT,2381.87,,
DEBIT,03/20/2024,"GOOGLE *ADS546411299 cc@google.com CA        03/20",-350.00,DEBIT_CARD,2021.65,,
DEBIT,03/20/2024,"TWILIO INC TWILIO.COM CA                     03/19",-40.38,DEBIT_CARD,2371.65,,
CREDIT,03/20/2024,"REAL TIME PAYMENT CREDIT RECD FROM ABA/CONTR BNK-121000248  FROM: BNF-STRIPE REF: ST-VSMEGZ54DSYAZ INFO: TEXT-RmtInf-ST-VSMEGZ54DSYAZ5IVDFM1 IID: 20240320121000248P1BZWFA50480541749 RECD: 20:07:24 TRN: 0003311081GE",766.95,MISC_CREDIT,2412.03,,
DEBIT,03/18/2024,"CHATGPT SUBSCRIPTION HTTPSOPENAI.C CA        03/16",-20.00,DEBIT_CARD,1645.08,,
DEBIT,03/18/2024,"10WEB.IO HTTPS10WEB.IO DE                    03/15",-4.00,DEBIT_CARD,1665.08,,
DEBIT,03/15/2024,"ORIG CO NAME:VENMO                  ORIG ID:3264681992 DESC DATE:240314 CO ENTRY DESCR:PAYMENT   SEC:WEB    TRACE#:091000019124721 EED:240315   IND ID:1033138863487                IND NAME:MARK GUNDRUM TRN: 0759124721TC",-100.00,MISC_DEBIT,1669.08,,
DEBIT,03/15/2024,"WGC*LONGHORN STEAKHSE 407-245-4203 FL        03/14",-60.00,DEBIT_CARD,1769.08,,
DEBIT,03/15/2024,"NAME-CHEAP.COM* PVME WWW.NAMECHEAP AZ        03/14",-8.16,DEBIT_CARD,1829.08,,
DEBIT,03/15/2024,"NAME-CHEAP.COM* 50VT WWW.NAMECHEAP AZ        03/14",-8.16,DEBIT_CARD,1837.24,,
DEBIT,03/15/2024,"Upwork -675715053REF 650-8534100 CA          03/14",34.45,DEBIT_CARD,1845.40,,
DEBIT,03/14/2024,"Upwork -675715053REF 650-8534100 CA          03/13",-34.45,DEBIT_CARD,1810.95,,
DEBIT,03/14/2024,"Amazon.com*R66197G52 Amzn.com/bill WA        03/13",-13.21,DEBIT_CARD,1845.40,,
CREDIT,03/14/2024,"REAL TIME PAYMENT CREDIT RECD FROM ABA/CONTR BNK-121000248  FROM: BNF-STRIPE REF: ST-GWFQ0OQ86KBOB INFO: TEXT-RmtInf-ST-GWFQ0OQ86KBOBM5WGCEU IID: 20240314121000248P1BZWFC10311271142 RECD: 21:56:13 TRN: 0092311075GA",363.82,MISC_CREDIT,1858.61,,
DEBIT,03/13/2024,"NAME-CHEAP.COM* V6FK WWW.NAMECHEAP AZ        03/13",-71.98,DEBIT_CARD,1494.79,,
DEBIT,03/12/2024,"HONEYBOOK.COM HTTPSWWW.HONE CA               03/12",-15.20,DEBIT_CARD,1566.77,,
DEBIT,03/12/2024,"NAME-CHEAP.COM* QHRG WWW.NAMECHEAP AZ        03/11",-1.50,DEBIT_CARD,1581.97,,
CREDIT,03/12/2024,"ORIG CO NAME:STRIPE                 ORIG ID:4270465600 DESC DATE:       CO ENTRY DESCR:TRANSFER  SEC:CCD    TRACE#:111000026758402 EED:240312   IND ID:ST-V8W4U6H5O6A9              IND NAME:MARK GUNDRUM TRN: 0726758402TC",363.82,ACH_CREDIT,1583.47,,
DEBIT,03/12/2024,"ORIGINALITY.AI COLLINGWOOD ON                03/11",30.00,DEBIT_CARD,1219.65,,
DEBIT,03/11/2024,"Online Transfer to CHK ...0068 transaction#: 20123579387 03/11",-300.00,ACCT_XFER,1189.65,,
DEBIT,03/11/2024,"ORIGINALITY.AI COLLINGWOOD ON                03/10",-30.00,DEBIT_CARD,1489.65,,
DEBIT,03/11/2024,"NAME-CHEAP.COM* HGOM WWW.NAMECHEAP AZ        03/10",-14.88,DEBIT_CARD,1519.65,,
DEBIT,03/11/2024,"WI DFI 3SB ONESTOP ANN 608-2504606 WI        03/09",-26.00,DEBIT_CARD,1534.53,,
CREDIT,03/11/2024,"ORIG CO NAME:STRIPE                 ORIG ID:4270465600 DESC DATE:       CO ENTRY DESCR:TRANSFER  SEC:CCD    TRACE#:111000022970812 EED:240311   IND ID:ST-Z3Q2G9D2O3D2              IND NAME:MARK GUNDRUM TRN: 0712970812TC",770.62,ACH_CREDIT,1560.53,,
DEBIT,03/08/2024,"MIDJOURNEY INC. HTTPSWWW.MIDJ CA             03/07",-10.00,DEBIT_CARD,789.91,,
DEBIT,03/07/2024,"Payment to Chase card ending in 4252 03/07",-400.00,LOAN_PMT,799.91,,
DEBIT,03/05/2024,"NON-CHASE ATM FEE-WITH",-3.00,FEE_TRANSACTION,1199.91,,
DEBIT,03/05/2024,"NON-CHASE ATM WITHDRAW               270601  03/05CALLE MUN",-45.00,ATM,1202.91,,
DEBIT,03/05/2024,"Online Transfer to CHK ...0068 transaction#: 20064622142 03/05",-222.22,ACCT_XFER,1247.91,,
CREDIT,03/05/2024,"ORIG CO NAME:STRIPE                 ORIG ID:4270465600 DESC DATE:       CO ENTRY DESCR:TRANSFER  SEC:CCD    TRACE#:111000026064090 EED:240305   IND ID:ST-W4F1O6G9A3F9              IND NAME:MARK GUNDRUM TRN: 0656064090TC",668.89,ACH_CREDIT,1470.13,,
DEBIT,03/04/2024,"Zelle payment to Musa 20060796747",-31.00,QUICKPAY_DEBIT,801.24,,
DEBIT,03/04/2024,"Audible*RN46Q48J0 Amzn.com/bill NJ           03/04",-17.94,DEBIT_CARD,832.24,,
DEBIT,03/04/2024,"NAME-CHEAP.COM* HJYJ WWW.NAMECHEAP AZ        03/04",-31.98,DEBIT_CARD,850.18,,
DEBIT,03/04/2024,"Audible*RN2DA2080 Amzn.com/bill NJ           03/02",-7.33,DEBIT_CARD,882.16,,
DEBIT,03/04/2024,"FRONTIER AI NK76GE DENVER CO                 03/01",-220.98,DEBIT_CARD,889.49,,
DEBIT,03/01/2024,"NAME-CHEAP.COM* 1FKN WWW.NAMECHEAP AZ        03/01",-10.66,DEBIT_CARD,1110.47,,
DEBIT,03/01/2024,"GOOGLE *GSUITE_kurio cc@google.com CA        03/01",-10.92,DEBIT_CARD,1121.13,,
DEBIT,03/01/2024,"10WEB.IO HTTPS10WEB.IO DE                    03/01",-90.00,DEBIT_CARD,1132.05,,
DEBIT,02/29/2024,"MONTHLY SERVICE FEE",-15.00,FEE_TRANSACTION,1222.05,,
DEBIT,02/29/2024,"Payment to Chase card ending in 4252 02/29",-800.00,LOAN_PMT,1237.05,,
DEBIT,02/26/2024,"Online Transfer to CHK ...0068 transaction#: 19979793156 02/26",-300.00,ACCT_XFER,2037.05,,
DEBIT,02/26/2024,"ORIG CO NAME:VENMO                  ORIG ID:3264681992 DESC DATE:240223 CO ENTRY DESCR:PAYMENT   SEC:WEB    TRACE#:091000016182086 EED:240226   IND ID:1032717374603                IND NAME:MARK GUNDRUM TRN: 0576182086TC",-180.00,MISC_DEBIT,2337.05,,
DEBIT,02/26/2024,"ROBINHOOD SECURITIES ROBINHOOD.COM FL        02/24",-50.00,DEBIT_CARD,2517.05,,
CREDIT,02/26/2024,"ORIG CO NAME:STRIPE                 ORIG ID:4270465600 DESC DATE:       CO ENTRY DESCR:TRANSFER  SEC:CCD    TRACE#:111000028804032 EED:240226   IND ID:ST-D2H1S4H0L1R9              IND NAME:MARK GUNDRUM TRN: 0578804032TC",772.50,ACH_CREDIT,2567.05,,
DEBIT,02/23/2024,"WWW.MAKE.COM WWW.MAKE.COM NY                 02/22",-10.59,DEBIT_CARD,1794.55,,
DEBIT,02/22/2024,"CANVA* I04068-677480 HTTPSCANVA.CO DE        02/21",-12.99,DEBIT_CARD,1805.14,,
DEBIT,02/20/2024,"FOREIGN EXCHANGE RATE ADJUSTMENT FEE         02/19TOOLZBUY.",-0.19,FEE_TRANSACTION,1818.13,,
DEBIT,02/20/2024,"TOOLZBUY.COM WYRA                            02/19 IN Rupee   549.00 X 0.01205829 (EXCHG RTE)",-6.62,DEBIT_CARD,1818.32,,
DEBIT,02/20/2024,"THE GARLIC 386-4246660 FL                    02/17",-60.00,DEBIT_CARD,1824.94,,
DEBIT,02/16/2024,"CHATGPT SUBSCRIPTION HTTPSOPENAI.C CA        02/16",-20.00,DEBIT_CARD,1884.94,,
DEBIT,02/12/2024,"HONEYBOOK.COM HTTPSWWW.HONE CA               02/12",-15.20,DEBIT_CARD,1904.94,,
DEBIT,02/12/2024,"Online Transfer to CHK ...0068 transaction#: 19843613697 02/12",-260.00,ACCT_XFER,1920.14,,
CREDIT,02/12/2024,"ORIG CO NAME:STRIPE                 ORIG ID:4270465600 DESC DATE:       CO ENTRY DESCR:TRANSFER  SEC:CCD    TRACE#:111000027868975 EED:240212   IND ID:ST-H2T6J7S7Z9H3              IND NAME:MARK GUNDRUM TRN: 0437868975TC",772.50,ACH_CREDIT,2180.14,,
DEBIT,02/07/2024,"Payment to Chase card ending in 4252 02/07",-800.00,LOAN_PMT,1407.64,,
CREDIT,02/05/2024,"ORIG CO NAME:STRIPE                 ORIG ID:4270465600 DESC DATE:       CO ENTRY DESCR:TRANSFER  SEC:CCD    TRACE#:111000024179152 EED:240205   IND ID:ST-O3Q1G4E4T8R4              IND NAME:MARK GUNDRUM TRN: 0364179152TC",308.82,ACH_CREDIT,2207.64,,
